% scibib.bib

% This is the .bib file used to compile the document "A simple Science
% template" (scifile.tex).  It is not intended as an example of how to
% set up your BibTeX file.

@article{CHIME2020a,
  title={Detection of Repeating FRB 180916. J0158+ 65 Down to Frequencies of 300 MHz},
  author={Chawla, P and Andersen, BC and Bhardwaj, M and Fonseca, E and Josephy, A and Kaspi, VM and Michilli, D and Pleunis, Z and Bandura, KM and Bassa, CG and others},
  journal={arXiv preprint arXiv:2004.02862},
  year={2020}
}


@article{Amiri2020periodic,
  title={Periodic activity from a fast radio burst source},
  author={Amiri, M and Andersen, BC and Bandura, KM and Bhardwaj, M and Boyle, PJ and Brar, C and Chawla, P and Chen, Ting and Cliche, JF and Cubranic, D and others},
  journal={Nature},
  volume={582},
  pages={351},
  year={2020}
}


@article{Rajwade2020,
  title={Possible periodic activity in the repeating FRB 121102},
  author={Rajwade, KM and Mickaliger, MB and Stappers, BW and Morello, V and Agarwal, D and Bassa, CG and Breton, RP and Caleb, M and Karastergiou, A and Keane, EF and others},
  journal={Mon. Not. R. Astron.},
  volume={495},
  number={4},
  pages={3551--3558},
  year={2020},
  publisher={Oxford University Press}
}


@article{Andersen2020,
  title={A bright millisecond-duration radio burst from a Galactic magnetar},
  author={Andersen, BC and Bandura, KM and Bhardwaj, M and Bij, A and Boyce, MM and Boyle, PJ and Brar, C and Cassanelli, T and Chawla, P and Chen, T and others},
  journal={arXiv preprint arXiv:2005.10324},
  year={2020}
}


@article{Petroff2019,
  title={Fast radio bursts},
  author={Petroff, Emily and Hessels, JWT and Lorimer, DR},
  journal={The Astronomy and Astrophysics Review},
  volume={27},
  number={1},
  pages={4},
  year={2019},
  publisher={Springer}
}


@ARTICLE{Rajabi2020b,
       author = {{Rajabi}, Fereshteh and {Chamma}, Mohammed A. and
         {Wyenberg}, Christopher M. and {Mathews}, Abhilash and {Houde}, Martin},
        title = "{A simple relationship for the spectro-temporal structure of bursts from FRB 121102}",
      journal = {Mon. Not. R. Astron.},
     keywords = {radiation: dynamics, relativistic processes, radiation mechanisms: non-thermal, Astrophysics - High Energy Astrophysical Phenomena},
         year = 2020,
        month = sep,
          doi = {10.1093/mnras/staa2723},
archivePrefix = {arXiv},
       eprint = {2008.02395},
 primaryClass = {astro-ph.HE},
       adsurl = {https://ui.adsabs.harvard.edu/abs/2020MNRAS.tmp.2580R},
      adsnote = {Provided by the SAO/NASA Astrophysics Data System}
}



%%%%%%%%%%%%%%%FRBS%%%%%%%%%%%%%%%%

@article{CHIME2019b,
  title={CHIME/FRB Discovery of Eight New Repeating Fast Radio Burst Sources},
  author={Andersen, BC and Bandura, K and Bhardwaj, M and Boubel, P and Boyce, MM and Boyle, PJ and Brar, C and Cassanelli, T and Chawla, P and Cubranic, D and others},
  journal={Astrophys. J.},
  volume={885},
  number={1},
  pages={L24},
  year={2019},
  publisher={IOP Publishing}
}


%%%%%%%%%%%%%%% First FRB discovery

@ARTICLE{Lorimer2007,
       author = {{Lorimer}, D.~R. and {Bailes}, M. and {McLaughlin}, M.~A. and
         {Narkevic}, D.~J. and {Crawford}, F.},
        title = "{A Bright Millisecond Radio Burst of Extragalactic Origin}",
      journal = {Science},
     keywords = {ASTRONOMY, Astrophysics},
         year = 2007,
        month = nov,
       volume = {318},
       number = {5851},
        pages = {777},
          doi = {10.1126/science.1147532},
archivePrefix = {arXiv},
       eprint = {0709.4301},
 primaryClass = {astro-ph},
       adsurl = {https://ui.adsabs.harvard.edu/abs/2007Sci...318..777L},
      adsnote = {Provided by the SAO/NASA Astrophysics Data System}
}

%%%%%%%%%%% second FRB repeater

@ARTICLE{CHIME2019a,
         author = {{CHIME/FRB Collaboration} and {Amiri}, M. and {Bandura}, K. and
         {Bhardwaj}, M. and {Boubel}, P. and {Boyce}, M.~M. and {Boyle}, P. J and
         {. Brar}, C. and {Burhanpurkar}, M. and {Cassanelli}, T. and
         {Chawla}, P. and {Cliche}, J.~F. and {Cubranic}, D. and {Deng}, M. and
         {Denman}, N. and {Dobbs}, M. and {Fandino}, M. and {Fonseca}, E. and
         {Gaensler}, B.~M. and {Gilbert}, A.~J. and {Gill}, A. and {Giri}, U. and
         {Good}, D.~C. and {Halpern}, M. and {Hanna}, D.~S. and {Hill}, A.~S. and
         {Hinshaw}, G. and {H{\"o}fer}, C. and {Josephy}, A. and {Kaspi}, V.~M. and
         {Landecker}, T.~L. and {Lang}, D.~A. and {Lin}, H. -H. and
         {Masui}, K.~W. and {Mckinven}, R. and {Mena-Parra}, J. and
         {Merryfield}, M. and {Michilli}, D. and {Milutinovic}, N. and
         {Moatti}, C. and {Naidu}, A. and {Newburgh}, L.~B. and {Ng}, C. and
         {Patel}, C. and {Pen}, U. and {Pinsonneault-Marotte}, T. and
         {Pleunis}, Z. and {Rafiei-Ravandi}, M. and {Rahman}, M. and
         {Ransom}, S.~M. and {Renard}, A. and {Scholz}, P. and {Shaw}, J.~R. and
         {Siegel}, S.~R. and {Smith}, K.~M. and {Stairs}, I.~H. and
         {Tendulkar}, S.~P. and {Tretyakov}, I. and {Vanderlinde}, K. and
         {Yadav}, P.},
        title = "{A second source of repeating fast radio bursts}",
      journal = {Nature},
     keywords = {Astrophysics - High Energy Astrophysical Phenomena, Astrophysics - Instrumentation and Methods for Astrophysics},
         year = 2019,
        month = jan,
       volume = {566},
       number = {7743},
        pages = {235-238},
          doi = {10.1038/s41586-018-0864-x},
archivePrefix = {arXiv},
       eprint = {1901.04525},
 primaryClass = {astro-ph.HE},
       adsurl = {https://ui.adsabs.harvard.edu/abs/2019Natur.566..235C},
      adsnote = {Provided by the SAO/NASA Astrophysics Data System}
}



%%%%%%%%%%%%%%%%%%%%%%%%% New repeating FRBs%%%%%%%%%%%%%%

@ARTICLE{CHIME2020,
       author = {{Fonseca}, E. and {Andersen}, B.~C. and {Bhardwaj}, M. and {Chawla}, P. and
         {Good}, D.~C. and {Josephy}, A. and {Kaspi}, V.~M. and {Masui}, K.~W. and
         {Mckinven}, R. and {Michilli}, D. and {Pleunis}, Z. and {Shin}, K. and
         {Tendulkar}, S.~P. and {Bandura}, K.~M. and {Boyle}, P.~J. and
         {Brar}, C. and {Cassanelli}, T. and {Cubranic}, D. and {Dobbs}, M. and
         {Dong}, F.~Q. and {Gaensler}, B.~M. and {Hinshaw}, G. and {Land
        ecker}, T.~L. and {Leung}, C. and {Li}, D.~Z. and {Lin}, H. -H. and
         {Mena-Parra}, J. and {Merryfield}, M. and {Naidu}, A. and {Ng}, C. and
         {Patel}, C. and {Pen}, U. and {Rafiei-Ravandi}, M. and {Rahman}, M. and
         {Ransom}, S.~M. and {Scholz}, P. and {Smith}, K.~M. and
         {Stairs}, I.~H. and {Vanderlinde}, K. and {Yadav}, P. and
         {Zwaniga}, A.~V.},
        title = "{Nine New Repeating Fast Radio Burst Sources from CHIME/FRB}",
      journal = {Astrophys. J.},
     keywords = {Astrophysics - High Energy Astrophysical Phenomena},
         year = 2020,
        month = mar,
       volume = {891},
       number = {1},
          eid = {L6},
        pages = {L6},
          doi = {10.3847/2041-8213/ab7208},
archivePrefix = {arXiv}
}



%%%%%%%%%%%%%%%%%%%%% localization of repeater FRB %%%%%%%%%%
@ARTICLE{Tendulkar2017,
       author = {{Tendulkar}, S.~P. and {Bassa}, C.~G. and {Cordes}, J.~M. and
         {Bower}, G.~C. and {Law}, C.~J. and {Chatterjee}, S. and
         {Adams}, E.~A.~K. and {Bogdanov}, S. and {Burke-Spolaor}, S. and
         {Butler}, B.~J. and {Demorest}, P. and {Hessels}, J.~W.~T. and
         {Kaspi}, V.~M. and {Lazio}, T.~J.~W. and {Maddox}, N. and
         {Marcote}, B. and {McLaughlin}, M.~A. and {Paragi}, Z. and
         {Ransom}, S.~M. and {Scholz}, P. and {Seymour}, A. and
         {Spitler}, L.~G. and {van Langevelde}, H.~J. and {Wharton}, R.~S.},
        title = "{The Host Galaxy and Redshift of the Repeating Fast Radio Burst FRB 121102}",
      journal = {Astrophys. J.},
          year = 2017,
        month = jan,
       volume = {834},
       number = {2},
          eid = {L7},
        pages = {L7},
          doi = {10.3847/2041-8213/834/2/L7},
}



%%%%%%%%%%%%%%%%% Dicke and Gross%%%%%%%%%%%%%%%%%

@incollection{Feld1980,
  title={Superradiance},
  author={Feld, MS and MacGillivray, JC},
  booktitle={Coherent Nonlinear Optics},
  pages={7--57},
  year={1980},
  publisher={Springer}
}


@ARTICLE{MacGillivray1976,
       author = {{MacGillivray}, J.~C. and {Feld}, M.~S.},
        title = "{Theory of superradiance in an extended, optically thick medium}",
      journal = {\pra},
         year = "1976",
        month = "Sep",
       volume = {14},
       number = {3},
        pages = {1169-1189},
          doi = {10.1103/PhysRevA.14.1169},
       adsurl = {https://ui.adsabs.harvard.edu/abs/1976PhRvA..14.1169M},
      adsnote = {Provided by the SAO/NASA Astrophysics Data System}
}


@ARTICLE{Weinreb1963,
       author = {{Weinreb}, S. and {Barrett}, A.~H. and {Meeks}, M.~L. and {Henry}, J.~C.},
        title = "{Radio Observations of OH in the Interstellar Medium}",
      journal = {Nature},
         year = "1963",
        month = "Nov",
       volume = {200},
       number = {4909},
        pages = {829-831},
          doi = {10.1038/200829a0},
       adsurl = {https://ui.adsabs.harvard.edu/abs/1963Natur.200..829W},
      adsnote = {Provided by the SAO/NASA Astrophysics Data System}
}

@ARTICLE{Weaver1965,
       author = {{Weaver}, Harold and {Williams}, David R.~W. and {Dieter}, N.~H. and
         {Lum}, W.~T.},
        title = "{Observations of a Strong Unidentified Microwave Line and of Emission from the OH Molecule}",
      journal = {Nature},
         year = "1965",
        month = "Oct",
       volume = {208},
       number = {5005},
        pages = {29-31},
          doi = {10.1038/208029a0},
       adsurl = {https://ui.adsabs.harvard.edu/abs/1965Natur.208...29W},
      adsnote = {Provided by the SAO/NASA Astrophysics Data System}
}



@ARTICLE{Dicke1954,
   author = {Dicke, R.~H.},
    title = {Coherence in Spontaneous Radiation Processes},
  journal = {Phys. Rev.},
     year = 1954,
    month = jan,
   volume = 93,
    pages = {99-110},
      doi = {10.1103/PhysRev.93.99},
   adsurl = {http://adsabs.harvard.edu/abs/1954PhRv...93...99D},
  adsnote = {Provided by the SAO/NASA Astrophysics Data System}
}

%--------------

@Book{Benedict1996,
  title={Super-radiance: Multiatomic Coherent Emission},
  author={Benedict, M. G. and others},
  Publisher={IOP Publishing Ltd},
  year={1996}
}
  	
    
%----------------    

@article{Gross1982,
  title={Superradiance: An essay on the theory of collective spontaneous emission},
  author={Gross, Michel and Haroche, Serge},
  journal={\physrep},
  volume={93},
  number={5},
  pages={301--396},
  year={1982},
  publisher={Elsevier}
}

%-------------------

@ARTICLE{Cong2016,
       author = {{Cong}, Kankan and {Zhang}, Qi and {Wang}, Yongrui and
         {Noe}, G. Timothy and {Belyanin}, Alexey and {Kono}, Junichiro},
        title = "{Dicke superradiance in solids [Invited]}",
      journal = {Journal of the Optical Society of America B Optical Physics},
     keywords = {Condensed Matter - Quantum Gases, Condensed Matter - Mesoscale and Nanoscale Physics},
         year = "2016",
        month = "Jul",
       volume = {33},
       number = {7},
        pages = {C80},
          doi = {10.1364/JOSAB.33.000C80},
archivePrefix = {arXiv},
       eprint = {1602.04374},
 primaryClass = {cond-mat.quant-gas},
       adsurl = {https://ui.adsabs.harvard.edu/abs/2016JOSAB..33C..80C},
      adsnote = {Provided by the SAO/NASA Astrophysics Data System}
}

%---------------------------
@article{Dicke1964,
  title={The coherence brightened laser},
  author={Dicke, Robert H},
  journal={Quantum electron.},
  volume={1},
  pages={35--54},
  year={1964}
}

%-----------------------

@ARTICLE{Arecchi1970,
   author = {{Arecchi}, F.~T. and {Courtens}, E.},
    title = "{Cooperative Phenomena in Resonant Electromagnetic Propagation}",
  journal = {\pra},
     year = 1970,
    month = nov,
   volume = 2,
    pages = {1730-1737},
      doi = {10.1103/PhysRevA.2.1730},
   adsurl = {http://adsabs.harvard.edu/abs/1970PhRvA...2.1730A},
  adsnote = {Provided by the SAO/NASA Astrophysics Data System}
}

%%%%%%%%%%%%%%%%% Rajabi and Houde%%%%%%%%%%%%%%%%%

@article{Rajabi2016A,
  author={Fereshteh Rajabi and Martin Houde},
  title={Dicke's Superradiance in Astrophysics. {I}. The 21 cm Line},
  journal={Astrophys. J.},
  volume={826},
  number={2},
  pages={216},
  year={2016},
}

@article{Rajabi2016B,
  title={Dicke's Superradiance in Astrophysics. {II}. THE {OH} 1612 {MH}z LINE},
  author={Rajabi, Fereshteh and Houde, Martin},
  journal={Astrophys. J.},
  volume={828},
  number={1},
  pages={57},
  year={2016},
}

@ARTICLE{Rajabi2017,
   author = {{Rajabi}, F. and {Houde}, M.},
    title = "{Explaining recurring maser flares in the ISM through large-scale entangled quantum mechanical states}",
  journal = {Science Advances},
archivePrefix = "arXiv",
   eprint = {1704.01491},
     year = 2017,
    month = mar,
   volume = 3,
    pages = {e1601858},
      doi = {10.1126/sciadv.1601858},
   adsurl = {http://adsabs.harvard.edu/abs/2017SciA....3E1858R},
  adsnote = {Provided by the SAO/NASA Astrophysics Data System}
}

@phdthesis{Rajabi2016Thesis,
  title={Dicke's Superradiance in Astrophysics},
  author={Rajabi, Fereshteh},
  year={2016},
  school={The University of Western Ontario}
}

@ARTICLE{Rajabi2019,
       author = {{Rajabi}, F. and {Houde}, M. and {Bartkiewicz}, A. and {Olech}, M. and
         {Szymczak}, M. and {Wolak}, P.},
        title = "{New evidence for Dicke's superradiance in the 6.7 GHz methanol spectral line in the interstellar medium}",
      journal = {Mon. Not. R. Astron. },
     keywords = {molecular processes, radiation mechanisms: general, ISM: molecules, Astrophysics - Astrophysics of Galaxies},
         year = "2019",
        month = "Apr",
       volume = {484},
       number = {2},
        pages = {1590-1597},
          doi = {10.1093/mnras/stz074},
archivePrefix = {arXiv},
       eprint = {1810.04365},
 primaryClass = {astro-ph.GA},
       adsurl = {https://ui.adsabs.harvard.edu/abs/2019MNRAS.484.1590R},
      adsnote = {Provided by the SAO/NASA Astrophysics Data System}
}

%%%%%%%%%%%%%%%%%Houde and Mathews%%%%%%%%%%%%%%%%%

@ARTICLE{Houde2018b,
   author = {{Houde}, M. and {Rajabi}, F. and {Gaensler}, B.~M. and {Mathews}, A. and 
	{Tranchant}, V.},
    title = "{Triggered superradiance and fast radio bursts}",
  journal = {Mon. Not. R. Astron. },
archivePrefix = "arXiv",
   eprint = {1810.04364},
 primaryClass = "astro-ph.HE",
 keywords = {molecular processes, radiation mechanisms: general, ISM: molecules},
     year = 2019,
    month = feb,
   volume = 482,
    pages = {5492-5499},
      doi = {10.1093/mnras/sty3046},
   adsurl = {http://adsabs.harvard.edu/abs/2019MNRAS.482.5492H},
  adsnote = {Provided by the SAO/NASA Astrophysics Data System}
}

@misc{Mathews2017,
  title={The Role of Superradiance in Cosmic Fast Radio Bursts},
  howpublished = {Honours thesis, The University of Western Ontario},
  author={Mathews, Abhilash},
  year={2017}
}

@ARTICLE{Houde2018a,
   author = {Houde, M. and Mathews, A. and Rajabi, F.},
    title = "{Explaining fast radio bursts through Dicke's superradiance}",
  journal = {Mon. Not. R. Astron. },
 keywords = {molecular processes, radiation mechanisms: general, ISM: molecules},
     year = 2018,
    month = mar,
   volume = 475,
    pages = {514-522},
      doi = {10.1093/mnras/stx3205},
   adsurl = {http://adsabs.harvard.edu/abs/2018MNRAS.475..514H},
  adsnote = {Provided by the SAO/NASA Astrophysics Data System}
}

%%%%%%%%%%%%%%%% Szymczak %%%%%%%%%%%%%%%%%

@ARTICLE{Szymczak2018b,
   author = {{Szymczak}, M. and {Olech}, M. and {Wolak}, P. and {G{\'e}rard}, E. and 
	{Bartkiewicz}, A.},
    title = "{Giant burst of methanol maser in S255IR-NIRS3}",
  journal = {\aap},
archivePrefix = "arXiv",
   eprint = {1807.07334},
 keywords = {masers, stars: massive, stars: formation, stars: individual: S255IR-NIRS3, ISM: molecules},
     year = 2018,
    month = sep,
   volume = 617,
      eid = {A80},
    pages = {A80},
      doi = {10.1051/0004-6361/201833443},
   adsurl = {http://adsabs.harvard.edu/abs/2018A%26A...617A..80S},
  adsnote = {Provided by the SAO/NASA Astrophysics Data System}
}


%%%%%%%%%%%%%%%%% Others %%%%%%%%%%%%%%%%%

%%%% S255 IR and radio continuum increase
@ARTICLE{Cesaroni2018,
   author = {{Cesaroni}, R. and {Moscadelli}, L. and {Neri}, R. and {Sanna}, A. and 
	{Caratti o Garatti}, A. and {Eisloffel}, J. and {Stecklum}, B. and 
	{Ray}, T. and {Walmsley}, C.~M.},
    title = "{Radio outburst from a massive (proto)star. When accretion turns into ejection}",
  journal = {\aap},
archivePrefix = "arXiv",
   eprint = {1802.04228},
 primaryClass = "astro-ph.SR",
 keywords = {stars: early-type, stars: formation, stars: winds, outflows, ISM: jets and outflows},
     year = 2018,
    month = may,
   volume = 612,
      eid = {A103},
    pages = {A103},
      doi = {10.1051/0004-6361/201732238},
   adsurl = {http://adsabs.harvard.edu/abs/2018A%26A...612A.103C},
  adsnote = {Provided by the SAO/NASA Astrophysics Data System}
}


%%%%methanol maser flare in S255 in June
@ARTICLE{Fujisawa2015,
   author = {{Fujisawa}, K. and {Yonekura}, Y. and {Sugiyama}, K. and {Horiuchi}, H. and 
	{Hayashi}, T. and {Hachisuka}, K. and {Matsumoto}, N. and {Niinuma}, K.
	},
    title = "{A flare of methanol maser in S255}",
  journal = {The Astronomer's Telegram},
 keywords = {Young Stellar Object},
     year = 2015,
    month = nov,
   volume = 8286,
   adsurl = {http://adsabs.harvard.edu/abs/2015ATel.8286....1F},
  adsnote = {Provided by the SAO/NASA Astrophysics Data System}
}

Query Results from the ADS Database

%%%% S255 methanol maser and IR outburst
@ARTICLE{Moscadelli2017,
   author = {{Moscadelli}, L. and {Sanna}, A. and {Goddi}, C. and {Walmsley}, M.~C. and 
	{Cesaroni}, R. and {Caratti o Garatti}, A. and {Stecklum}, B. and 
	{Menten}, K.~M. and {Kraus}, A.},
    title = "{Extended CH$_{3}$OH maser flare excited by a bursting massive YSO}",
  journal = {\aap},
 keywords = {ISM: kinematics and dynamics, masers, stars: formation, techniques: high angular resolution, stars: individual: S255 NIRS3},
     year = 2017,
    month = apr,
   volume = 600,
      eid = {L8},
    pages = {L8},
      doi = {10.1051/0004-6361/201730659},
   adsurl = {http://adsabs.harvard.edu/abs/2017A%26A...600L...8M},
  adsnote = {Provided by the SAO/NASA Astrophysics Data System}
}

%%%%%%%Szymczak monitoring program

@ARTICLE{Szymczak2018a,
   author = {{Szymczak}, M. and {Olech}, M. and {Sarniak}, R. and {Wolak}, P. and 
	{Bartkiewicz}, A.},
    title = "{Monitoring observations of 6.7 GHz methanol masers}",
  journal = {Mon. Not. R. Astron. },
archivePrefix = "arXiv",
   eprint = {1710.04595},
     year = 2018,
    month = feb,
   volume = 474,
    pages = {219-253},
      doi = {10.1093/mnras/stx2693},
   adsurl = {http://adsabs.harvard.edu/abs/2018MNRAS.474..219S},
  adsnote = {Provided by the SAO/NASA Astrophysics Data System}
}

@INPROCEEDINGS{Szymczak2018,
       author = {{Szymczak}, M. and {Olech}, M. and {Sarniak}, R. and {Wolak}, P. and
         {Bartkiewicz}, A.},
        title = "{On the origin of methanol maser variability: Clues from long-term monitoring}",
     keywords = {masers, stars: formation, ISM: clouds, radio lines: ISM},
    booktitle = {Astrophysical Masers: Unlocking the Mysteries of the Universe},
         year = "2018",
       editor = {{Tarchi}, A. and {Reid}, M.~J. and {Castangia}, P.},
       series = {IAU Symposium},
       volume = {336},
        month = "Aug",
        pages = {41-44},
          doi = {10.1017/S1743921317010523},
       adsurl = {https://ui.adsabs.harvard.edu/abs/2018IAUS..336...41S},
      adsnote = {Provided by the SAO/NASA Astrophysics Data System}
}


%%%%% first detection of methanol maser in S255

@ARTICLE{Menten1991,
   author = {{Menten}, K.~M.},
    title = "{The discovery of a new, very strong, and widespread interstellar methanol maser line}",
  journal = {Astrophys. J.},
 keywords = {Emission Spectra, Interstellar Masers, Methyl Alcohol, Star Formation, Astronomical Spectroscopy, Electron Transitions, H Ii Regions, Maser Pumping},
     year = 1991,
    month = oct,
   volume = 380,
    pages = {L75-L78},
      doi = {10.1086/186177},
   adsurl = {http://adsabs.harvard.edu/abs/1991ApJ...380L..75M},
  adsnote = {Provided by the SAO/NASA Astrophysics Data System}
}


%%%% distance of S255 from us

@ARTICLE{Burns2016,
   author = {{Burns}, R.~A. and {Handa}, T. and {Nagayama}, T. and {Sunada}, K. and 
	{Omodaka}, T.},
    title = "{H$_{2}$O masers in a jet-driven bow shock: episodic ejection from a massive young stellar object}",
  journal = {Mon. Not. R. Astron. },
archivePrefix = "arXiv",
   eprint = {1604.05682},
 primaryClass = "astro-ph.SR",
 keywords = {masers, stars: individual: S255IR-SMA1, stars: massive, ISM: jets and outflows},
     year = 2016,
    month = jul,
   volume = 460,
    pages = {283-290},
      doi = {10.1093/mnras/stw958},
   adsurl = {http://adsabs.harvard.edu/abs/2016MNRAS.460..283B},
  adsnote = {Provided by the SAO/NASA Astrophysics Data System}
}

%-----------

@ARTICLE{Sugiyama2008a,
   author = {{Sugiyama}, K. and {Fujisawa}, K. and {Doi}, A. and {Honma}, M. and 
	{Kobayashi}, H. and {Bushimata}, T. and {Mochizuki}, N. and 
	{Murata}, Y.},
    title = "{Mapping Observations of 6.7 GHz Methanol Masers with the Japanese VLBI Network}",
  journal = {\pasj},
archivePrefix = "arXiv",
   eprint = {0710.4872},
 keywords = {masers: methanol, techniques: interferometric, very-long-baseline interferometry (VLBI)},
     year = 2008,
    month = feb,
   volume = 60,
    pages = {23-35},
      doi = {10.1093/pasj/60.1.23},
   adsurl = {http://adsabs.harvard.edu/abs/2008PASJ...60...23S},
  adsnote = {Provided by the SAO/NASA Astrophysics Data System}
}

%%%%%%%%%% OH masers variable over decades
@ARTICLE{Bloemhof1992,
       author = {{Bloemhof}, E.~E. and {Reid}, M.~J. and {Moran}, J.~M.},
        title = "{Kinematics of W3(OH): First Proper Motions of OH Masers from VLBI Measurements}",
      journal = {Astrophys. J.},
     keywords = {Hydroxyl Emission, Interstellar Masers, Very Long Base Interferometry, Astronomical Maps, Bow Waves, Field Strength, H Ii Regions, Interstellar Magnetic Fields, Zeeman Effect, Astrophysics, ISM: INDIVIDUAL ALPHANUMERIC: W3, ISM: KINEMATICS AND DYNAMICS, MAGNETIC FIELDS, MASERS, TECHNIQUES: INTERFEROMETRIC},
         year = "1992",
        month = "Oct",
       volume = {397},
        pages = {500},
          doi = {10.1086/171807},
       adsurl = {https://ui.adsabs.harvard.edu/abs/1992ApJ...397..500B},
      adsnote = {Provided by the SAO/NASA Astrophysics Data System}
}

@INPROCEEDINGS{Brand2018,
       author = {{Brand}, Jan and {Engels}, Dieter and {Winnberg}, Anders},
        title = "{Variability of water masers in evolved stars on timescales of decades}",
     keywords = {stars: AGB and post-AGB, stars: variables: other, masers, flare},
    booktitle = {Astrophysical Masers: Unlocking the Mysteries of the Universe},
         year = "2018",
       editor = {{Tarchi}, A. and {Reid}, M.~J. and {Castangia}, P.},
       series = {IAU Symposium},
       volume = {336},
        month = "Aug",
        pages = {393-394},
          doi = {10.1017/S1743921317009450},
       adsurl = {https://ui.adsabs.harvard.edu/abs/2018IAUS..336..393B},
      adsnote = {Provided by the SAO/NASA Astrophysics Data System}
}

%%%%%% QUAsi periodic flares%%%---------------------------

%%%%Formaldehyde

@ARTICLE{Araya2010,
   author = {{Araya}, E.~D. and {Hofner}, P. and {Goss}, W.~M. and {Kurtz}, S. and 
	{Richards}, A.~M.~S. and {Linz}, H. and {Olmi}, L. and {Sewi{\l}o}, M.
	},
    title = "{Quasi-periodic Formaldehyde Maser Flares in the Massive Protostellar Object IRAS 18566+0408}",
  journal = {Astrophys. J.},
archivePrefix = "arXiv",
   eprint = {1006.2164},
 keywords = {ISM: individual objects: IRAS 18566+0408, ISM: molecules, masers, radio lines: general},
     year = 2010,
    month = jul,
   volume = 717,
    pages = {L133-L137},
      doi = {10.1088/2041-8205/717/2/L133},
   adsurl = {http://adsabs.harvard.edu/abs/2010ApJ...717L.133A},
  adsnote = {Provided by the SAO/NASA Astrophysics Data System}
}

%%%%%%we discovered quasi-periodic %formaldehyde flares (P ~ 237 days). Based on %Arecibo observations, we also discovered %correlated variability between formaldehyde %%(H2CO) and methanol (CH3OH) masers. The H2CO %%and CH3OH masers are not spatially %%coincident,Source :IRAS 18566+0408 %%%%(G37.55+0.20


%%%--------

@article{AlMarzouk2012,
  title={Discovery of 6.035 GHz Hydroxyl Maser Flares in IRAS 18566+ 0408},
  author={Al-Marzouk, AA and Araya, ED and Hofner, P and Kurtz, S and Linz, H and Olmi, L},
  journal={The Astrophysical Journal},
  volume={750},
  number={2},
  pages={170},
  year={2012},
  publisher={IOP Publishing}
}

@article{Beloborodov2020b,
  title={Blast Waves from Magnetar Flares and Fast Radio Bursts},
  author={Beloborodov, Andrei M},
  journal={The Astrophysical Journal},
  volume={896},
  number={2},
  pages={142},
  year={2020},
  publisher={IOP Publishing}
}

@article{Wang2019,
  title={On the Time--Frequency Downward Drifting of Repeating Fast Radio Bursts},
  author={Wang, Weiyang and Zhang, Bing and Chen, Xuelei and Xu, Renxin},
  journal={The Astrophysical Journal Letters},
  volume={876},
  number={1},
  pages={L15},
  year={2019},
  publisher={IOP Publishing}
}

@ARTICLE{Simard2020,
       author = {{Simard}, Dana and {Ravi}, Vikram},
        title = "{Scintillation Can Explain the Spectral Structure of the Bright Radio Burst from SGR 1935+2154}",
      journal = {Astrophys. J.},
     keywords = {Neutron stars, Magnetars, Radio bursts, Interstellar scattering, 1108, 992, 1339, 854, Astrophysics - High Energy Astrophysical Phenomena},
         year = 2020,
        month = aug,
       volume = {899},
       number = {1},
          eid = {L21},
        pages = {L21},
          doi = {10.3847/2041-8213/abaa40},
archivePrefix = {arXiv},
       eprint = {2006.13184},
 primaryClass = {astro-ph.HE},
       adsurl = {https://ui.adsabs.harvard.edu/abs/2020ApJ...899L..21S},
      adsnote = {Provided by the SAO/NASA Astrophysics Data System}
}



@article{Beniamini2020,
  title={What does FRB light-curve variability tell us about the emission mechanism?},
  author={Beniamini, Paz and Kumar, Pawan},
  journal={Mon. Not. R. Astron.},
  volume={498},
  number={1},
  pages={651--664},
  year={2020},
  publisher={Oxford University Press}
}

@ARTICLE{Metzger2019,
       author = {{Metzger}, Brian D. and {Margalit}, Ben and {Sironi}, Lorenzo},
        title = "{Fast radio bursts as synchrotron maser emission from decelerating relativistic blast waves}",
      journal = {Mon. Not. R. Astron. },
     keywords = {Shock waves, stars: neutron, Astrophysics - High Energy Astrophysical Phenomena},
         year = 2019,
        month = may,
       volume = {485},
       number = {3},
        pages = {4091-4106},
          doi = {10.1093/mnras/stz700},
archivePrefix = {arXiv},
       eprint = {1902.01866},
 primaryClass = {astro-ph.HE},
       adsurl = {https://ui.adsabs.harvard.edu/abs/2019MNRAS.485.4091M},
      adsnote = {Provided by the SAO/NASA Astrophysics Data System}
}



@ARTICLE{Cordes2017,
       author = {{Cordes}, J.~M. and {Wasserman}, I. and {Hessels}, J.~W.~T. and
         {Lazio}, T.~J.~W. and {Chatterjee}, S. and {Wharton}, R.~S.},
        title = "{Lensing of Fast Radio Bursts by Plasma Structures in Host Galaxies}",
      journal = {Astrophys. J.},
     keywords = {galaxies: distances and redshifts, galaxies: ISM, scattering, stars: individual: FRB 121102, stars: magnetars, stars: neutron, Astrophysics - High Energy Astrophysical Phenomena},
         year = 2017,
        month = jun,
       volume = {842},
       number = {1},
          eid = {35},
        pages = {35},
          doi = {10.3847/1538-4357/aa74da},
archivePrefix = {arXiv},
       eprint = {1703.06580},
 primaryClass = {astro-ph.HE},
       adsurl = {https://ui.adsabs.harvard.edu/abs/2017ApJ...842...35C},
      adsnote = {Provided by the SAO/NASA Astrophysics Data System}
}


%%report the discovery of 6.035 GHz hydroxyl %(OH) maser flares-observations were conducted %between 2008 October and 2010 Januarytwo flare %events, one in 2009 March and one in 2009 %September to November. The OH maser flares are %not simultaneous with the H2CO flares, but may %be correlated with CH3OH flares from a %component at corresponding velocities. A %possible correlated variability of OH and %CH3OH masers in IRAS 18566+0408 is consistent %with a common excitation mechanism (IR %pumping) as predicted by theory.
%%%---------------------------

%%%% periodic -quasiperiodic methanol masers
@ARTICLE{Goedhart2004,
   author = {{Goedhart}, S. and {Gaylard}, M.~J. and {van der Walt}, D.~J.
	},
    title = "{Long-term monitoring of 6.7-GHz methanol masers}",
  journal = {Mon. Not. R. Astron. },
 keywords = {masers, stars: formation, ISM: clouds, HII regions, radio lines: ISM},
     year = 2004,
    month = dec,
   volume = 355,
    pages = {553-584},
      doi = {10.1111/j.1365-2966.2004.08340.x},
   adsurl = {http://adsabs.harvard.edu/abs/2004MNRAS.355..553G},
  adsnote = {Provided by the SAO/NASA Astrophysics Data System}
}

%%%%%%%%%%% methanol variability over weeks
@ARTICLE{Goedhart2003,
       author = {{Goedhart}, S. and {Gaylard}, M.~J. and {van der Walt}, D.~J.},
        title = "{Periodic flares in the methanol maser source G9.62+0.20E}",
      journal = {Mon. Not. R. Astron. },
     keywords = {masers, stars: formation, ISM: clouds, HII regions, radio lines: ISM},
         year = "2003",
        month = "Mar",
       volume = {339},
       number = {4},
        pages = {L33-L36},
          doi = {10.1046/j.1365-8711.2003.06426.x},
       adsurl = {https://ui.adsabs.harvard.edu/abs/2003MNRAS.339L..33G},
      adsnote = {Provided by the SAO/NASA Astrophysics Data System}
}


%%%%%% Theories explaining maser flares


%%%%%- Periodic maser flares

@article{Van2017,
  title={Periodic methanol masers and colliding wind binaries},
  author={van den Heever, Stefanus P and van der Walt, DJ and Pittard, JM and Hoare, MG},
  journal={Proceedings of the International Astronomical Union},
  volume={13},
  number={S336},
  pages={327--328},
  year={2017},
  publisher={Cambridge University Press}
}

%Since the discovery of periodic variability %of Class II methanol masers associated with
%high-mass star formation, several possible %driving mechanisms have been proposed to %explain this phenomenon. Here the colliding %wind binary (CWB) hypothesis is proposed to %describe the periodic variability. It is %shown that the recombination of a partially %ionized gas describes the flare profiles %remarkably well. In addition, the quiescent %state flux density is also described %remarkably well by the time-dependent change %of the electron density. This suggests that %the periodicity is caused by the time-%dependent change in the radio free-free %emission from the background HII regions %against which the maser is projected.



%-------- Periodic maser flares binary wind collision

@ARTICLE{Van2009,
   author = {{van der Walt}, D.~J. and {Goedhart}, S. and {Gaylard}, M.~J.
	},
    title = "{Periodic class II methanol masers in G9.62+0.20E}",
  journal = {Mon. Not. R. Astron. },
archivePrefix = "arXiv",
   eprint = {0906.0876},
 keywords = {ISM: clouds , HII regions , ISM: molecules},
     year = 2009,
    month = sep,
   volume = 398,
    pages = {961-970},
      doi = {10.1111/j.1365-2966.2009.15147.x},
   adsurl = {http://adsabs.harvard.edu/abs/2009MNRAS.398..961V},
  adsnote = {Provided by the SAO/NASA Astrophysics Data System}
}

%-------------------

@ARTICLE{Inayoshi2013,
   author = {{Inayoshi}, K. and {Sugiyama}, K. and {Hosokawa}, T. and {Motogi}, K. and 
	{Tanaka}, K.~E.~I.},
    title = "{Direct Diagnostics of Forming Massive Stars: Stellar Pulsation and Periodic Variability of Maser Sources}",
  journal = {Astrophys. J.},
archivePrefix = "arXiv",
   eprint = {1304.5241},
 primaryClass = "astro-ph.SR",
 keywords = {masers, stars: massive, stars: oscillations},
     year = 2013,
    month = jun,
   volume = 769,
      eid = {L20},
    pages = {L20},
      doi = {10.1088/2041-8205/769/2/L20},
   adsurl = {http://adsabs.harvard.edu/abs/2013ApJ...769L..20I},
  adsnote = {Provided by the SAO/NASA Astrophysics Data System}
}

%----------------
@ARTICLE{Boboltz1998,
   author = {{Boboltz}, D.~A. and {Simonetti}, J.~H. and {Dennison}, B. and 
	{Diamond}, P.~J. and {Uphoff}, J.~A.},
    title = "{A Water Maser Flare in W49N: Amplification by a Rotating Foreground Cloud}",
  journal = {Astrophys. J.},
 keywords = {ISM: INDIVIDUAL: ALPHANUMERIC: W49, ISM: MOLECULES, MASERS, RADIO LINES: ISM, ISM: Individual: Alphanumeric: W49, ISM: Molecules, Masers, Radio Lines: ISM},
     year = 1998,
    month = dec,
   volume = 509,
    pages = {256-261},
      doi = {10.1086/306482},
   adsurl = {http://adsabs.harvard.edu/abs/1998ApJ...509..256B},
  adsnote = {Provided by the SAO/NASA Astrophysics Data System}
}

%%%------------------

@ARTICLE{Deguchi1989,
   author = {{Deguchi}, S. and {Watson}, W.~D.},
    title = "{Interacting masers and the extreme brightness of astrophysical water masers}",
  journal = {Astrophys. J.},
 keywords = {Brightness Temperature, Interstellar Masers, Water Masers, Molecular Clouds, Radiative Transfer},
     year = 1989,
    month = may,
   volume = 340,
    pages = {L17-L20},
      doi = {10.1086/185428},
   adsurl = {http://adsabs.harvard.edu/abs/1989ApJ...340L..17D},
  adsnote = {Provided by the SAO/NASA Astrophysics Data System}
}

%------- magnetic reconnection by centra star and heating dust

@ARTICLE{Fujisawa2012,
   author = {{Fujisawa}, K. and {Sugiyama}, K. and {Aoki}, N. and {Hirota}, T. and 
	{Mochizuki}, N. and {Doi}, A. and {Honma}, M. and {Kobayashi}, H. and 
	{Kawaguchi}, N. and {Ogawa}, H. and {Omodaka}, T. and {Yonekura}, Y.
	},
    title = "{Bursting Activity in a High-Mass Star-Forming Region G33.64-0.21 Observed with the 6.7GHz Methanol Maser}",
  journal = {\pasj},
archivePrefix = "arXiv",
   eprint = {1109.2429},
 primaryClass = "astro-ph.SR",
 keywords = {ISM: H II regions, ISM: individual (G33.64-0.21), masers: methanol},
     year = 2012,
    month = feb,
   volume = 64,
      eid = {17},
    pages = {17},
      doi = {10.1093/pasj/64.1.17},
   adsurl = {http://adsabs.harvard.edu/abs/2012PASJ...64...17F},
  adsnote = {Provided by the SAO/NASA Astrophysics Data System}
}

@ARTICLE{Fujisawa2014b,
   author = {{Fujisawa}, K. and {Aoki}, N. and {Nagadomi}, Y. and {Kimura}, S. and 
	{Shimomura}, T. and {Takase}, G. and {Sugiyama}, K. and {Motogi}, K. and 
	{Niinuma}, K. and {Hirota}, T. and {Yonekura}, Y.},
    title = "{Observations of the bursting activity of the 6.7 GHz methanol maser in G33.641-0.228}",
  journal = {\pasj},
archivePrefix = "arXiv",
   eprint = {1408.3695},
 primaryClass = "astro-ph.SR",
 keywords = {ISM: individual objects (G33.641-0.228), masers, radio lines: ISM, stars: formation},
     year = 2014,
    month = dec,
   volume = 66,
      eid = {109},
    pages = {109},
      doi = {10.1093/pasj/psu097},
   adsurl = {http://adsabs.harvard.edu/abs/2014PASJ...66..109F},
  adsnote = {Provided by the SAO/NASA Astrophysics Data System}
}

%%%%%%%%%%%%%%%%%%%%%

@BOOK{Gray2012,
   author = {{Gray}, M.},
    title = "{Maser Sources in Astrophysics}",
booktitle = {Maser Sources in Astrophysics},
publisher = {Cambridge University Press},
  address = {Cambridge, UK},
     year = 2012,
    month = apr,
   adsurl = {http://adsabs.harvard.edu/abs/2012msa..book.....G},
  adsnote = {Provided by the SAO/NASA Astrophysics Data System}
}

%%%%%%%%%%%%%%%%%%%%%%%%%

@BOOK{Elitzur1992,
       author = {{Elitzur}, Moshe},
        title = "{Astronomical masers}",
         year = "1992",
       volume = {170},
          doi = {10.1007/978-94-011-2394-5},
       adsurl = {https://ui.adsabs.harvard.edu/abs/1992ASSL..170.....E},
      adsnote = {Provided by the SAO/NASA Astrophysics Data System}
}

%%%%%%%%%%%%%

@ARTICLE{Goedhart2014,
   author = {{Goedhart}, S. and {Maswanganye}, J.~P. and {Gaylard}, M.~J. and 
	{van der Walt}, D.~J.},
    title = "{Periodicity in Class II methanol masers in high-mass star-forming regions}",
  journal = {Mon. Not. R. Astron. },
archivePrefix = "arXiv",
   eprint = {1311.1615},
 primaryClass = "astro-ph.SR",
 keywords = {masers, stars: formation, ISM: clouds, H II regions, Radio lines: ISM},
     year = 2014,
    month = jan,
   volume = 437,
    pages = {1808-1820},
      doi = {10.1093/mnras/stt2009},
   adsurl = {http://adsabs.harvard.edu/abs/2014MNRAS.437.1808G},
  adsnote = {Provided by the SAO/NASA Astrophysics Data System}
}

%%%CBW model

@ARTICLE{Van2011,
   author = {{van der Walt}, D.~J.},
    title = "{On the Methanol Masers in G9.62+0.20E and G188.95+0.89}",
  journal = {\aj},
archivePrefix = "arXiv",
   eprint = {1102.3966},
 keywords = {ISM: individual objects: G9.62+0.20E G188.95+0.89, ISM: molecules, masers, radio lines: general},
     year = 2011,
    month = may,
   volume = 141,
      eid = {152},
    pages = {152},
      doi = {10.1088/0004-6256/141/5/152},
   adsurl = {http://adsabs.harvard.edu/abs/2011AJ....141..152V},
  adsnote = {Provided by the SAO/NASA Astrophysics Data System}
}

%----------------Methanol maser pump class II

@ARTICLE{Sobolev1997,
   author = {{Sobolev}, A.~M. and {Cragg}, D.~M. and {Godfrey}, P.~D.},
    title = "{Pumping of Class II methanol masers. II. The 5\_1\_-6\_0\_A\^{+} transition.}",
  journal = {\aap},
 keywords = {MASERS, RADIATIVE TRANSFER, HII REGIONS, ISM: MOLECULES, RADIO LINES: ISM},
     year = 1997,
    month = aug,
   volume = 324,
    pages = {211-220},
   adsurl = {http://adsabs.harvard.edu/abs/1997A%26A...324..211S},
  adsnote = {Provided by the SAO/NASA Astrophysics Data System}
}

%----- 

@ARTICLE{Cragg2005,
   author = {{Cragg}, D.~M. and {Sobolev}, A.~M. and {Godfrey}, P.~D.},
    title = "{Models of class II methanol masers based on improved molecular data}",
  journal = {Mon. Not. R. Astron. },
   eprint = {astro-ph/0504194},
 keywords = {masers, stars: formation, ISM: molecules, radio lines: ISM},
     year = 2005,
    month = jun,
   volume = 360,
    pages = {533-545},
      doi = {10.1111/j.1365-2966.2005.09077.x},
   adsurl = {http://adsabs.harvard.edu/abs/2005MNRAS.360..533C},
  adsnote = {Provided by the SAO/NASA Astrophysics Data System}
}

%------
@ARTICLE{Urquhart2015,
   author = {{Urquhart}, J.~S. and {Moore}, T.~J.~T. and {Menten}, K.~M. and 
	{K{\"o}nig}, C. and {Wyrowski}, F. and {Thompson}, M.~A. and 
	{Csengeri}, T. and {Leurini}, S. and {Eden}, D.~J.},
    title = "{The almost ubiquitous association of 6.7-GHz methanol masers with dust}",
  journal = {Mon. Not. R. Astron. },
archivePrefix = "arXiv",
   eprint = {1410.6322},
 keywords = {stars: early-type, stars: formation, ISM: clouds, Galaxy: structure},
     year = 2015,
    month = feb,
   volume = 446,
    pages = {3461-3477},
      doi = {10.1093/mnras/stu2300},
   adsurl = {http://adsabs.harvard.edu/abs/2015MNRAS.446.3461U},
  adsnote = {Provided by the SAO/NASA Astrophysics Data System}
}

%-------------------------------------

@ARTICLE{Green2017,
   author = {{Green}, J.~A. and {Breen}, S.~L. and {Fuller}, G.~A. and {McClure-Griffiths}, N.~M. and 
	{Ellingsen}, S.~P. and {Voronkov}, M.~A. and {Avison}, A. and 
	{Brooks}, K. and {Burton}, M.~G. and {Chrysostomou}, A. and 
	{Cox}, J. and {Diamond}, P.~J. and {Gray}, M.~D. and {Hoare}, M.~G. and 
	{Masheder}, M.~R.~W. and {Pestalozzi}, M. and {Phillips}, C. and 
	{Quinn}, L.~J. and {Richards}, A.~M.~S. and {Thompson}, M.~A. and 
	{Walsh}, A.~J. and {Ward-Thompson}, D. and {Wong-McSweeney}, D. and 
	{Yates}, J.~A.},
    title = "{The 6-GHz multibeam maser survey - II. Statistical analysis and Galactic distribution of 6668-MHz methanol masers}",
  journal = {Mon. Not. R. Astron. },
 keywords = {masers, surveys, stars: formation, stars: massive, Galaxy: structure},
     year = 2017,
    month = aug,
   volume = 469,
    pages = {1383-1402},
      doi = {10.1093/mnras/stx887},
   adsurl = {http://adsabs.harvard.edu/abs/2017MNRAS.469.1383G},
  adsnote = {Provided by the SAO/NASA Astrophysics Data System}
}

%-------------------------------------

@Article{Hunter2007,
  Author    = {Hunter, J. D.},
  Title     = {Matplotlib: A 2D graphics environment},
  Journal   = {Computing in Science \& Engineering},
  Volume    = {9},
  Number    = {3},
  Pages     = {90--95},
  abstract  = {Matplotlib is a 2D graphics package used for Python for
  application development, interactive scripting, and publication-quality
  image generation across user interfaces and operating systems.},
  publisher = {IEEE COMPUTER SOC},
  doi       = {10.1109/MCSE.2007.55},
  year      = 2007
}

%---------------

@ARTICLE{Szymczak2015,
   author = {{Szymczak}, M. and {Wolak}, P. and {Bartkiewicz}, A.},
    title = "{Discovery of four periodic methanol masers and updated light curve for a further one}",
  journal = {Mon. Not. R. Astron. },
archivePrefix = "arXiv",
   eprint = {1502.03373},
 keywords = {masers, stars: formation, ISM: clouds, radio lines: ISM},
     year = 2015,
    month = apr,
   volume = 448,
    pages = {2284-2293},
      doi = {10.1093/mnras/stv145},
   adsurl = {http://adsabs.harvard.edu/abs/2015MNRAS.448.2284S},
  adsnote = {Provided by the SAO/NASA Astrophysics Data System}
}

%%----------------
@ARTICLE{Sugiyama2017,
   author = {{Sugiyama}, K. and {Nagase}, K. and {Yonekura}, Y. and {Momose}, M. and 
	{Yasui}, Y. and {Saito}, Y. and {Motogi}, K. and {Honma}, M. and 
	{Hachisuka}, K. and {Matsumoto}, N. and {Uchiyama}, M. and {Fujisawa}, K.
	},
    title = "{The shortest periodic and flaring flux variability of a methanol maser emission at 6.7 GHz in G 014.23-00.50}",
  journal = {\pasj},
archivePrefix = "arXiv",
   eprint = {1704.02807},
 primaryClass = "astro-ph.SR",
 keywords = {ISM: individual objects (G 014.23-00.50), masers, stars: flare, stars: formation, stars: massive},
     year = 2017,
    month = aug,
   volume = 69,
      eid = {59},
    pages = {59},
      doi = {10.1093/pasj/psx034},
   adsurl = {http://adsabs.harvard.edu/abs/2017PASJ...69...59S},
  adsnote = {Provided by the SAO/NASA Astrophysics Data System}
}

%--------------methanol, surveys

@article{Aberfelds2017,
  title={Long term 6.7 GHz methanol maser monitoring program},
  author={Aberfelds, Artis and Shmeld, Ivar and Berzins, Karlis},
  journal={Proceedings of the International Astronomical Union},
  volume={13},
  number={S336},
  pages={277--278},
  year={2017},
  publisher={Cambridge University Press}
}

%-------------
@ARTICLE{Fujisawa2014a,
   author = {{Fujisawa}, K. and {Sugiyama}, K. and {Motogi}, K. and {Hachisuka}, K. and 
	{Yonekura}, Y. and {Sawada-Satoh}, S. and {Matsumoto}, N. and 
	{Sorai}, K. and {Momose}, M. and {Saito}, Y. and {Takaba}, H. and 
	{Ogawa}, H. and {Kimura}, K. and {Niinuma}, K. and {Hirano}, D. and 
	{Omodaka}, T. and {Kobayashi}, H. and {Kawaguchi}, N. and {Shibata}, K.~M. and 
	{Honma}, M. and {Hirota}, T. and {Murata}, Y. and {Doi}, A. and 
	{Mochizuki}, N. and {Shen}, Z. and {Chen}, X. and {Xia}, B. and 
	{Li}, B. and {Kim}, K.-T.},
    title = "{Observations of 6.7 GHz methanol masers with East-Asian VLBI Network. I. VLBI images of the first epoch of observations}",
  journal = {\pasj},
archivePrefix = "arXiv",
   eprint = {1311.3431},
 primaryClass = "astro-ph.SR",
     year = 2014,
    month = apr,
   volume = 66,
      eid = {31},
    pages = {31},
      doi = {10.1093/pasj/psu015},
   adsurl = {http://adsabs.harvard.edu/abs/2014PASJ...66...31F},
  adsnote = {Provided by the SAO/NASA Astrophysics Data System}
}

%------- rotation of shock waves to explain periodic maser
@ARTICLE{Parfenov2014,
   author = {{Parfenov}, S.~Y. and {Sobolev}, A.~M.},
    title = "{On the Class II methanol maser periodic variability due to the rotating spiral shocks in the gaps of discs around young binary stars}",
  journal = {Mon. Not. R. Astron. },
archivePrefix = "arXiv",
   eprint = {1407.7708},
 keywords = {accretion, accretion discs, masers, binaries: general},
     year = 2014,
    month = oct,
   volume = 444,
    pages = {620-628},
      doi = {10.1093/mnras/stu1481},
   adsurl = {http://adsabs.harvard.edu/abs/2014MNRAS.444..620P},
  adsnote = {Provided by the SAO/NASA Astrophysics Data System}
}

%---------------

@ARTICLE{Gray2018,
   author = {{Gray}, M.~D. and {Mason}, L. and {Etoka}, S.},
    title = "{A new 3D maser code applied to flaring events}",
  journal = {Mon. Not. R. Astron. },
archivePrefix = "arXiv",
   eprint = {1803.01625},
 primaryClass = "astro-ph.SR",
 keywords = {masers, radiation mechanisms: general, radiative transfer, techniques: high angular resolution, ISM: lines and bands, radio lines: general},
     year = 2018,
    month = jun,
   volume = 477,
    pages = {2628-2639},
      doi = {10.1093/mnras/sty576},
   adsurl = {http://adsabs.harvard.edu/abs/2018MNRAS.477.2628G},
  adsnote = {Provided by the SAO/NASA Astrophysics Data System}
}

@article{Olech2017,
  title={Monitoring and search for periodic methanol masers},
  author={Olech, M and Szymczak, M and Wolak, P and Bartkiewicz, A},
  journal={Proceedings of the International Astronomical Union},
  volume={13},
  number={S336},
  pages={313--314},
  year={2017},
  publisher={Cambridge University Press}
}

%%%%%%% increase in IR of SNR255

@ARTICLE{Caratti2017,
   author = {{Caratti o Garatti}, A. and {Stecklum}, B. and {Garcia Lopez}, R. and 
	{Eisl{\"o}ffel}, J. and {Ray}, T.~P. and {Sanna}, A. and {Cesaroni}, R. and 
	{Walmsley}, C.~M. and {Oudmaijer}, R.~D. and {de Wit}, W.~J. and 
	{Moscadelli}, L. and {Greiner}, J. and {Krabbe}, A. and {Fischer}, C. and 
	{Klein}, R. and {Iba{\~n}ez}, J.~M.},
    title = "{Disk-mediated accretion burst in a high-mass young stellar object}",
  journal = {Nature Physics},
archivePrefix = "arXiv",
   eprint = {1704.02628},
 primaryClass = "astro-ph.SR",
     year = 2017,
    month = mar,
   volume = 13,
    pages = {276-279},
      doi = {10.1038/nphys3942},
   adsurl = {http://adsabs.harvard.edu/abs/2017NatPh..13..276C},
  adsnote = {Provided by the SAO/NASA Astrophysics Data System}
}

%%%%%%%%%%%%%%%%%%%%%%%%%%%%%%% CEP A %%%%%%%%%%%%

@ARTICLE{Moscadelli2009,
   author = {{Moscadelli}, L. and {Reid}, M.~J. and {Menten}, K.~M. and {Brunthaler}, A. and 
	{Zheng}, X.~W. and {Xu}, Y.},
    title = "{Trigonometric Parallaxes of Massive Star-Forming Regions. II. Cep A and NGC 7538}",
  journal = {Astrophys. J.},
archivePrefix = "arXiv",
   eprint = {0811.0679},
 keywords = {Galaxy: structure, ISM: individual: NGC 7538 Cep A, masers, stars: distances, techniques: interferometric},
     year = 2009,
    month = mar,
   volume = 693,
    pages = {406-412},
      doi = {10.1088/0004-637X/693/1/406},
   adsurl = {http://adsabs.harvard.edu/abs/2009ApJ...693..406M},
  adsnote = {Provided by the SAO/NASA Astrophysics Data System}
}

@ARTICLE{Hughes1984,
   author = {{Hughes}, V.~A. and {Wouterloot}, J.~G.~A.},
    title = "{The star-forming region in Cepheus A}",
  journal = {Astrophys. J.},
 keywords = {Condensing, Main Sequence Stars, Molecular Clouds, Stellar Evolution, Stellar Spectrophotometry, H Ii Regions, Interstellar Magnetic Fields, Interstellar Matter, Magnetic Effects, Radiant Flux Density, Radio Emission, Spectral Resolution, Very Large Array (Vla)},
     year = 1984,
    month = jan,
   volume = 276,
    pages = {204-210},
      doi = {10.1086/161603},
   adsurl = {http://adsabs.harvard.edu/abs/1984ApJ...276..204H},
  adsnote = {Provided by the SAO/NASA Astrophysics Data System}
}

@ARTICLE{Sugiyama2008b,
   author = {{Sugiyama}, K. and {Fujisawa}, K. and {Doi}, A. and {Honma}, M. and 
	{Isono}, Y. and {Kobayashi}, H. and {Mochizuki}, N. and {Murata}, Y.
	},
    title = "{A Synchronized Variation of the 6.7GHz Methanol Maser in Cepheus A}",
  journal = {\pasj},
archivePrefix = "arXiv",
   eprint = {0804.4623},
 keywords = {ISM: HII regions, ISM: individual (Cepheus A), masers},
     year = 2008,
    month = oct,
   volume = 60,
    pages = {1001-1006},
      doi = {10.1093/pasj/60.5.1001},
   adsurl = {http://adsabs.harvard.edu/abs/2008PASJ...60.1001S},
  adsnote = {Provided by the SAO/NASA Astrophysics Data System}
}

@ARTICLE{Szymczak2014,
   author = {{Szymczak}, M. and {Wolak}, P. and {Bartkiewicz}, A.},
    title = "{6.7 GHz methanol maser variability in Cepheus A}",
  journal = {Mon. Not. R. Astron. },
archivePrefix = "arXiv",
   eprint = {1401.7556},
 primaryClass = "astro-ph.GA",
 keywords = {masers, stars: formation, ISM: individual objects: Cep A, radio lines: general},
     year = 2014,
    month = mar,
   volume = 439,
    pages = {407-415},
      doi = {10.1093/mnras/stu019},
   adsurl = {http://adsabs.harvard.edu/abs/2014MNRAS.439..407S},
  adsnote = {Provided by the SAO/NASA Astrophysics Data System}
}

%%%%%%%%%%%
@ARTICLE{Patel2005,
   author = {{Patel}, N.~A. and {Curiel}, S. and {Sridharan}, T.~K. and {Zhang}, Q. and 
	{Hunter}, T.~R. and {Ho}, P.~T.~P. and {Torrelles}, J.~M. and 
	{Moran}, J.~M. and {G{\'o}mez}, J.~F. and {Anglada}, G.},
    title = "{A disk of dust and molecular gas around a high-mass protostar}",
  journal = {Nature},
   eprint = {astro-ph/0509637},
     year = 2005,
    month = sep,
   volume = 437,
    pages = {109-111},
      doi = {10.1038/nature04011},
   adsurl = {http://adsabs.harvard.edu/abs/2005Natur.437..109P},
  adsnote = {Provided by the SAO/NASA Astrophysics Data System}
}

@ARTICLE{Jimenez2009,
   author = {{Jim{\'e}nez-Serra}, I. and {Mart{\'{\i}}n-Pintado}, J. and 
	{Caselli}, P. and {Mart{\'{\i}}n}, S. and {Rodr{\'{\i}}guez-Franco}, A. and 
	{Chandler}, C. and {Winters}, J.~M.},
    title = "{Unveiling the Main Heating Sources in the Cepheus a HW2 Region}",
  journal = {Astrophys. J.},
archivePrefix = "arXiv",
   eprint = {0909.0871},
 primaryClass = "astro-ph.SR",
 keywords = {ISM: individual: Cepheus A, ISM: molecules, stars: formation},
     year = 2009,
    month = oct,
   volume = 703,
    pages = {L157-L161},
      doi = {10.1088/0004-637X/703/2/L157},
   adsurl = {http://adsabs.harvard.edu/abs/2009ApJ...703L.157J},
  adsnote = {Provided by the SAO/NASA Astrophysics Data System}
}

@ARTICLE{Rodriguez1994,
   author = {{Rodriguez}, L.~F. and {Garay}, G. and {Curiel}, S. and {Ramirez}, S. and 
	{Torrelles}, J.~M. and {Gomez}, Y. and {Velazquez}, A.},
    title = "{Cepheus A HW2: A powerful thermal radio jet}",
  journal = {Astrophys. J.},
 keywords = {Alignment, Cepheus Constellation, H Ii Regions, Radio Jets (Astronomy), Very Large Array (Vla), Conical Flow, Ionized Gases, Mass Flow Rate, Thermal Plasmas},
     year = 1994,
    month = jul,
   volume = 430,
    pages = {L65-L68},
      doi = {10.1086/187439},
   adsurl = {http://adsabs.harvard.edu/abs/1994ApJ...430L..65R},
  adsnote = {Provided by the SAO/NASA Astrophysics Data System}
}

@ARTICLE{Torrelles2011,
   author = {{Torrelles}, J.~M. and {Patel}, N.~A. and {Curiel}, S. and {Estalella}, R. and 
	{G{\'o}mez}, J.~F. and {Rodr{\'{\i}}guez}, L.~F. and {Cant{\'o}}, J. and 
	{Anglada}, G. and {Vlemmings}, W. and {Garay}, G. and {Raga}, A.~C. and 
	{Ho}, P.~T.~P.},
    title = "{A wide-angle outflow with the simultaneous presence of a high-velocity jet in the high-mass Cepheus A HW2 system}",
  journal = {Mon. Not. R. Astron. },
archivePrefix = "arXiv",
   eprint = {1008.2262},
 primaryClass = "astro-ph.SR",
 keywords = {masers, stars: formation, ISM: individual objects: Cepheus A, ISM: jets and outflows},
     year = 2011,
    month = jan,
   volume = 410,
    pages = {627-640},
      doi = {10.1111/j.1365-2966.2010.17483.x},
   adsurl = {http://adsabs.harvard.edu/abs/2011MNRAS.410..627T},
  adsnote = {Provided by the SAO/NASA Astrophysics Data System}
}

%%%%%%%%%%%%%%%%%%%%%%%%%%% G24.33

@ARTICLE{Caswell2011,
   author = {{Caswell}, J.~L. and {Green}, J.~A.},
    title = "{Blueshifted outflow from 24.329+0.145}",
  journal = {Mon. Not. R. Astron. },
 keywords = {masers, stars: formation, H II regions, ISM: molecules, Galaxy: kinematics and dynamics, radio lines: ISM},
     year = 2011,
    month = mar,
   volume = 411,
    pages = {2059-2066},
      doi = {10.1111/j.1365-2966.2010.17856.x},
   adsurl = {http://adsabs.harvard.edu/abs/2011MNRAS.411.2059C},
  adsnote = {Provided by the SAO/NASA Astrophysics Data System}
}

@ARTICLE{Bartkiewicz2016,
   author = {{Bartkiewicz}, A. and {Szymczak}, M. and {van Langevelde}, H.~J.
	},
    title = "{European VLBI Network imaging of 6.7 GHz methanol masers}",
  journal = {\aap},
archivePrefix = "arXiv",
   eprint = {1601.03197},
 keywords = {masers, stars: massive, instrumentation: interferometers, stars: formation},
     year = 2016,
    month = mar,
   volume = 587,
      eid = {A104},
    pages = {A104},
      doi = {10.1051/0004-6361/201527541},
   adsurl = {http://adsabs.harvard.edu/abs/2016A%26A...587A.104B},
  adsnote = {Provided by the SAO/NASA Astrophysics Data System}
}

@ARTICLE{Green2011,
   author = {{Green}, J.~A. and {McClure-Griffiths}, N.~M.},
    title = "{Distances to southern 6.7-GHz methanol masers through H I self-absorption}",
  journal = {Mon. Not. R. Astron. },
 keywords = {masers, surveys, stars: formation},
     year = 2011,
    month = nov,
   volume = 417,
    pages = {2500-2553},
      doi = {10.1111/j.1365-2966.2011.19418.x},
   adsurl = {http://adsabs.harvard.edu/abs/2011MNRAS.417.2500G},
  adsnote = {Provided by the SAO/NASA Astrophysics Data System}
}

@ARTICLE{Goldreich1974,
   author = {{Goldreich}, P. and {Kwan}, J.},
    title = "{Astrophysical Masers.IV. Line Widths}",
  journal = {Astrophys. J.},
     year = 1974,
    month = may,
   volume = 190,
    pages = {27-34},
      doi = {10.1086/152843},
   adsurl = {http://adsabs.harvard.edu/abs/1974ApJ...190...27G},
  adsnote = {Provided by the SAO/NASA Astrophysics Data System}
}

@article{Houde2018c,
  author={Martin Houde and Fereshteh Rajabi},
  title={Interacting superradiance samples: modified intensities and timescales, and frequency shifts},
  journal={Journal of Physics Communications},
  volume={2},
  number={7},
  pages={075015},
  url={http://stacks.iop.org/2399-6528/2/i=7/a=075015},
  year={2018},
  abstract={We consider the interaction between distinct superradiance (SR) systems and use the dressed state formalism to solve the case of two interacting two-atom SR samples at resonance. We show that the ensuing entanglement modifies the transition rates and intensities of radiation, as well as introduces a potentially measurable frequency chirp in the SR cascade, the magnitude of which being a function of the separation between the samples. For the dominant SR cascade we find a significant reduction in the duration and an increase of the intensity of the SR pulse relative to the case of a single two-atom SR sample.}
}

%%%%%%%%%%%%%%%%%%%%%%%%%
%FRB stuff
%%%%%%%%%%%%%%%%%%%%%%%%%


@ARTICLE{Thornton2013,
   author = {{Thornton}, D. and {Stappers}, B. and {Bailes}, M. and {Barsdell}, B. and 
	{Bates}, S. and {Bhat}, N.~D.~R. and {Burgay}, M. and {Burke-Spolaor}, S. and 
	{Champion}, D.~J. and {Coster}, P. and {D'Amico}, N. and {Jameson}, A. and 
	{Johnston}, S. and {Keith}, M. and {Kramer}, M. and {Levin}, L. and 
	{Milia}, S. and {Ng}, C. and {Possenti}, A. and {van Straten}, W.
	},
    title = "{A Population of Fast Radio Bursts at Cosmological Distances}",
  journal = {\sci},
archivePrefix = "arXiv",
   eprint = {1307.1628},
 primaryClass = "astro-ph.HE",
     year = 2013,
    month = jul,
   volume = 341,
    pages = {53-56},
      doi = {10.1126/science.1236789},
   adsurl = {http://adsabs.harvard.edu/abs/2013Sci...341...53T},
  adsnote = {Provided by the SAO/NASA Astrophysics Data System}
}

@ARTICLE{Katz2016,
   author = {{Katz}, J.~I.},
    title = "{Fast radio bursts {\mdash} A brief review: Some questions, fewer answers}",
  journal = {Mod. Phys. Lett. A},
archivePrefix = "arXiv",
   eprint = {1604.01799},
 primaryClass = "astro-ph.HE",
 keywords = {Fast radio bursts, pulsars, soft gamma repeaters, magnetars, intergalactic medium, nanoshots, giant pulses, Neutron stars, Other topics on stars, Radio sources},
     year = 2016,
    month = apr,
   volume = 31,
      eid = {1630013},
    pages = {1630013},
      doi = {10.1142/S0217732316300135},
   adsurl = {http://adsabs.harvard.edu/abs/2016MPLA...3130013K},
  adsnote = {Provided by the SAO/NASA Astrophysics Data System}
}

@ARTICLE{Ravi2016,
   author = {{Ravi}, V. and {Shannon}, R.~M. and {Bailes}, M. and {Bannister}, K. and 
	{Bhandari}, S. and {Bhat}, N.~D.~R. and {Burke-Spolaor}, S. and 
	{Caleb}, M. and {Flynn}, C. and {Jameson}, A. and {Johnston}, S. and 
	{Keane}, E.~F. and {Kerr}, M. and {Tiburzi}, C. and {Tuntsov}, A.~V. and 
	{Vedantham}, H.~K.},
    title = "{The magnetic field and turbulence of the cosmic web measured using a brilliant fast radio burst}",
  journal = {\sci},
archivePrefix = "arXiv",
   eprint = {1611.05758},
 primaryClass = "astro-ph.HE",
     year = 2016,
    month = dec,
   volume = 354,
    pages = {1249-1252},
      doi = {10.1126/science.aaf6807},
   adsurl = {http://adsabs.harvard.edu/abs/2016Sci...354.1249R},
  adsnote = {Provided by the SAO/NASA Astrophysics Data System}
}

@ARTICLE{Caleb2017,
   author = {{Caleb}, M. and {Flynn}, C. and {Bailes}, M. and {Barr}, E.~D. and 
	{Bateman}, T. and {Bhandari}, S. and {Campbell-Wilson}, D. and 
	{Farah}, W. and {Green}, A.~J. and {Hunstead}, R.~W. and {Jameson}, A. and 
	{Jankowski}, F. and {Keane}, E.~F. and {Parthasarathy}, A. and 
	{Ravi}, V. and {Rosado}, P.~A. and {van Straten}, W. and {Venkatraman Krishnan}, V.
	},
    title = "{The first interferometric detections of fast radio bursts}",
  journal = {Mon. Not. R. Astron. },
archivePrefix = "arXiv",
   eprint = {1703.10173},
 primaryClass = "astro-ph.HE",
 keywords = {instrumentation: interferometers, methods: data analysis, surveys, intergalactic medium, radio continuum},
     year = 2017,
    month = jul,
   volume = 468,
    pages = {3746-3756},
      doi = {10.1093/mnras/stx638},
   adsurl = {http://adsabs.harvard.edu/abs/2017MNRAS.468.3746C},
  adsnote = {Provided by the SAO/NASA Astrophysics Data System}
}

@ARTICLE{Scholz2016,
   author = {{Scholz}, P. and {Spitler}, L.~G. and {Hessels}, J.~W.~T. and 
	{Chatterjee}, S. and {Cordes}, J.~M. and {Kaspi}, V.~M. and 
	{Wharton}, R.~S. and {Bassa}, C.~G. and {Bogdanov}, S. and {Camilo}, F. and 
	{Crawford}, F. and {Deneva}, J. and {van Leeuwen}, J. and {Lynch}, R. and 
	{Madsen}, E.~C. and {McLaughlin}, M.~A. and {Mickaliger}, M. and 
	{Parent}, E. and {Patel}, C. and {Ransom}, S.~M. and {Seymour}, A. and 
	{Stairs}, I.~H. and {Stappers}, B.~W. and {Tendulkar}, S.~P.
	},
    title = "{The Repeating Fast Radio Burst FRB 121102: Multi-wavelength Observations and Additional Bursts}",
  journal = {Astrophys. J.},
archivePrefix = "arXiv",
   eprint = {1603.08880},
 primaryClass = "astro-ph.HE",
 keywords = {pulsars: general, radio continuum: general, stars: neutron, X-rays: general },
     year = 2016,
    month = dec,
   volume = 833,
      eid = {177},
    pages = {177},
      doi = {10.3847/1538-4357/833/2/177},
   adsurl = {http://adsabs.harvard.edu/abs/2016ApJ...833..177S},
  adsnote = {Provided by the SAO/NASA Astrophysics Data System}
}

@ARTICLE{Spitler2014,
   author = {{Spitler}, L.~G. and {Cordes}, J.~M. and {Hessels}, J.~W.~T. and 
	{Lorimer}, D.~R. and {McLaughlin}, M.~A. and {Chatterjee}, S. and 
	{Crawford}, F. and {Deneva}, J.~S. and {Kaspi}, V.~M. and {Wharton}, R.~S. and 
	{Allen}, B. and {Bogdanov}, S. and {Brazier}, A. and {Camilo}, F. and 
	{Freire}, P.~C.~C. and {Jenet}, F.~A. and {Karako-Argaman}, C. and 
	{Knispel}, B. and {Lazarus}, P. and {Lee}, K.~J. and {van Leeuwen}, J. and 
	{Lynch}, R. and {Ransom}, S.~M. and {Scholz}, P. and {Siemens}, X. and 
	{Stairs}, I.~H. and {Stovall}, K. and {Swiggum}, J.~K. and {Venkataraman}, A. and 
	{Zhu}, W.~W. and {Aulbert}, C. and {Fehrmann}, H.},
    title = "{Fast Radio Burst Discovered in the Arecibo Pulsar ALFA Survey}",
  journal = {Astrophys. J.},
archivePrefix = "arXiv",
   eprint = {1404.2934},
 primaryClass = "astro-ph.HE",
 keywords = {pulsars: general },
     year = 2014,
    month = aug,
   volume = 790,
      eid = {101},
    pages = {101},
      doi = {10.1088/0004-637X/790/2/101},
   adsurl = {http://adsabs.harvard.edu/abs/2014ApJ...790..101S},
  adsnote = {Provided by the SAO/NASA Astrophysics Data System}
}

@ARTICLE{Spitler2016,
   author = {{Spitler}, L.~G. and {Scholz}, P. and {Hessels}, J.~W.~T. and 
	{Bogdanov}, S. and {Brazier}, A. and {Camilo}, F. and {Chatterjee}, S. and 
	{Cordes}, J.~M. and {Crawford}, F. and {Deneva}, J. and {Ferdman}, R.~D. and 
	{Freire}, P.~C.~C. and {Kaspi}, V.~M. and {Lazarus}, P. and 
	{Lynch}, R. and {Madsen}, E.~C. and {McLaughlin}, M.~A. and 
	{Patel}, C. and {Ransom}, S.~M. and {Seymour}, A. and {Stairs}, I.~H. and 
	{Stappers}, B.~W. and {van Leeuwen}, J. and {Zhu}, W.~W.},
    title = "{A repeating fast radio burst}",
  journal = {Nature},
archivePrefix = "arXiv",
   eprint = {1603.00581},
 primaryClass = "astro-ph.HE",
     year = 2016,
    month = mar,
   volume = 531,
    pages = {202-205},
      doi = {10.1038/nature17168},
   adsurl = {http://adsabs.harvard.edu/abs/2016Natur.531..202S},
  adsnote = {Provided by the SAO/NASA Astrophysics Data System}
}

@ARTICLE{Luan2014,
   author = {{Luan}, J. and {Goldreich}, P.},
    title = "{Physical Constraints on Fast Radio Bursts}",
  journal = {Astrophys. J.},
archivePrefix = "arXiv",
   eprint = {1401.1795},
 primaryClass = "astro-ph.HE",
 keywords = {radio continuum: general},
     year = 2014,
    month = apr,
   volume = 785,
      eid = {L26},
    pages = {L26},
      doi = {10.1088/2041-8205/785/2/L26},
   adsurl = {http://adsabs.harvard.edu/abs/2014ApJ...785L..26L},
  adsnote = {Provided by the SAO/NASA Astrophysics Data System}
}

@ARTICLE{Petroff2016,
   author = {{Petroff}, E. and {Barr}, E.~D. and {Jameson}, A. and {Keane}, E.~F. and 
	{Bailes}, M. and {Kramer}, M. and {Morello}, V. and {Tabbara}, D. and 
	{van Straten}, W.},
    title = "{FRBCAT: The Fast Radio Burst Catalogue}",
  journal = {Proc. Astron. Soc. Au.},
archivePrefix = "arXiv",
   eprint = {1601.03547},
 primaryClass = "astro-ph.HE",
 keywords = {catalogs, methods: data analysis, telescopes},
     year = 2016,
    month = sep,
   volume = 33,
      eid = {e045},
    pages = {e045},
      doi = {10.1017/pasa.2016.35},
   adsurl = {http://adsabs.harvard.edu/abs/2016PASA...33...45P},
  adsnote = {Provided by the SAO/NASA Astrophysics Data System}
}

@ARTICLE{Champion2016,
   author = {{Champion}, D.~J. and {Petroff}, E. and {Kramer}, M. and {Keith}, M.~J. and 
	{Bailes}, M. and {Barr}, E.~D. and {Bates}, S.~D. and {Bhat}, N.~D.~R. and 
	{Burgay}, M. and {Burke-Spolaor}, S. and {Flynn}, C.~M.~L. and 
	{Jameson}, A. and {Johnston}, S. and {Ng}, C. and {Levin}, L. and 
	{Possenti}, A. and {Stappers}, B.~W. and {van Straten}, W. and 
	{Thornton}, D. and {Tiburzi}, C. and {Lyne}, A.~G.},
    title = "{Five new fast radio bursts from the HTRU high-latitude survey at Parkes: first evidence for two-component bursts}",
  journal = {Mon. Not. R. Astron. },
archivePrefix = "arXiv",
   eprint = {1511.07746},
 primaryClass = "astro-ph.HE",
 keywords = {scattering, surveys, pulsars: general, intergalactic medium},
     year = 2016,
    month = jul,
   volume = 460,
    pages = {L30-L34},
      doi = {10.1093/mnrasl/slw069},
   adsurl = {http://adsabs.harvard.edu/abs/2016MNRAS.460L..30C},
  adsnote = {Provided by the SAO/NASA Astrophysics Data System}
}

@ARTICLE{Lyutikov2016,
   author = {{Lyutikov}, M. and {Burzawa}, L. and {Popov}, S.~B.},
    title = "{Fast radio bursts as giant pulses from young rapidly rotating pulsars}",
  journal = {Mon. Not. R. Astron. },
archivePrefix = "arXiv",
   eprint = {1603.02891},
 primaryClass = "astro-ph.HE",
 keywords = {radiation mechanisms: general, stars: neutron, pulsars: general},
     year = 2016,
    month = oct,
   volume = 462,
    pages = {941-950},
      doi = {10.1093/mnras/stw1669},
   adsurl = {http://adsabs.harvard.edu/abs/2016MNRAS.462..941L},
  adsnote = {Provided by the SAO/NASA Astrophysics Data System}
}

@ARTICLE{Keane2016,
   author = {{Keane}, E.~F. and {Johnston}, S. and {Bhandari}, S. and {Barr}, E. and 
	{Bhat}, N.~D.~R. and {Burgay}, M. and {Caleb}, M. and {Flynn}, C. and 
	{Jameson}, A. and {Kramer}, M. and {Petroff}, E. and {Possenti}, A. and 
	{van Straten}, W. and {Bailes}, M. and {Burke-Spolaor}, S. and 
	{Eatough}, R.~P. and {Stappers}, B.~W. and {Totani}, T. and 
	{Honma}, M. and {Furusawa}, H. and {Hattori}, T. and {Morokuma}, T. and 
	{Niino}, Y. and {Sugai}, H. and {Terai}, T. and {Tominaga}, N. and 
	{Yamasaki}, S. and {Yasuda}, N. and {Allen}, R. and {Cooke}, J. and 
	{Jencson}, J. and {Kasliwal}, M.~M. and {Kaplan}, D.~L. and 
	{Tingay}, S.~J. and {Williams}, A. and {Wayth}, R. and {Chandra}, P. and 
	{Perrodin}, D. and {Berezina}, M. and {Mickaliger}, M. and {Bassa}, C.
	},
    title = "{The host galaxy of a fast radio burst}",
  journal = {Nature},
archivePrefix = "arXiv",
   eprint = {1602.07477},
 primaryClass = "astro-ph.HE",
     year = 2016,
    month = feb,
   volume = 530,
    pages = {453-456},
      doi = {10.1038/nature17140},
   adsurl = {http://adsabs.harvard.edu/abs/2016Natur.530..453K},
  adsnote = {Provided by the SAO/NASA Astrophysics Data System}
}

@ARTICLE{Gajjar2017,
   author = {{Gajjar},, V. and {Siemion}, A.~P.~V. and {MacMahon}, D.~H.~E. and 
	{Croft}, S. and {Hellbourg}, G. and {Isaacson}, H. and {Enriquez}, J.~E. and 
	{Price}, D.~C. and {Lebofsky}, M. and {DeBoer}, D. and {Werthimer}, D. and 
	{Hickish}, J. and {Brinkman}, C. and {Chatterjee}, S. and {Ransom}, S.
	},
    title = "{FRB 121102: Detection at 4 - 8 GHz band with Breakthrough Listen backend at Green Bank}",
  journal = {The Astronomer's Telegram},
 keywords = {Transient, Fast Radio Burst},
     year = 2017,
    month = aug,
   volume = 1067,
   adsurl = {http://adsabs.harvard.edu/abs/2017ATel.10675...1G},
  adsnote = {Provided by the SAO/NASA Astrophysics Data System}
}

@ARTICLE{Masui2015,
   author = {{Masui}, K. and {Lin}, H.-H. and {Sievers}, J. and {Anderson}, C.~J. and 
	{Chang}, T.-C. and {Chen}, X. and {Ganguly}, A. and {Jarvis}, M. and 
	{Kuo}, C.-Y. and {Li}, Y.-C. and {Liao}, Y.-W. and {McLaughlin}, M. and 
	{Pen}, U.-L. and {Peterson}, J.~B. and {Roman}, A. and {Timbie}, P.~T. and 
	{Voytek}, T. and {Yadav}, J.~K.},
    title = "{Dense magnetized plasma associated with a fast radio burst}",
  journal = {Nature},
archivePrefix = "arXiv",
   eprint = {1512.00529},
 primaryClass = "astro-ph.HE",
     year = 2015,
    month = dec,
   volume = 528,
    pages = {523-525},
      doi = {10.1038/nature15769},
   adsurl = {http://adsabs.harvard.edu/abs/2015Natur.528..523M},
  adsnote = {Provided by the SAO/NASA Astrophysics Data System}
}

@ARTICLE{Petroff2015,
   author = {{Petroff}, E. and {Bailes}, M. and {Barr}, E.~D. and {Barsdell}, B.~R. and 
	{Bhat}, N.~D.~R. and {Bian}, F. and {Burke-Spolaor}, S. and 
	{Caleb}, M. and {Champion}, D. and {Chandra}, P. and {Da Costa}, G. and 
	{Delvaux}, C. and {Flynn}, C. and {Gehrels}, N. and {Greiner}, J. and 
	{Jameson}, A. and {Johnston}, S. and {Kasliwal}, M.~M. and {Keane}, E.~F. and 
	{Keller}, S. and {Kocz}, J. and {Kramer}, M. and {Leloudas}, G. and 
	{Malesani}, D. and {Mulchaey}, J.~S. and {Ng}, C. and {Ofek}, E.~O. and 
	{Perley}, D.~A. and {Possenti}, A. and {Schmidt}, B.~P. and 
	{Shen}, Y. and {Stappers}, B. and {Tisserand}, P. and {van Straten}, W. and 
	{Wolf}, C.},
    title = "{A real-time fast radio burst: polarization detection and multiwavelength follow-up}",
  journal = {Mon. Not. R. Astron. },
archivePrefix = "arXiv",
   eprint = {1412.0342},
 primaryClass = "astro-ph.HE",
 keywords = {polarization, radiation mechanisms: general, intergalactic medium, radio continuum: general},
     year = 2015,
    month = feb,
   volume = 447,
    pages = {246-255},
      doi = {10.1093/mnras/stu2419},
   adsurl = {http://adsabs.harvard.edu/abs/2015MNRAS.447..246P},
  adsnote = {Provided by the SAO/NASA Astrophysics Data System}
}

@ARTICLE{Booth1998,
   author = {{Booth}, R.~S. and {Aalto}, S.},
    title = "{Molecular Gas, Starbursts and Active Galactic Nuclei}",
  journal = {The Molecular Astrophysics of Stars and Galaxies, edited by Thomas W.~Hartquist and David A.~Williams.~Clarendon Press, Oxford, 1998., p.437},
     year = 1998,
   volume = 4,
    pages = {437},
   adsurl = {http://adsabs.harvard.edu/abs/1998ISAA....4..437B},
  adsnote = {Provided by the SAO/NASA Astrophysics Data System}
}

@ARTICLE{Lockett2008,
   author = {{Lockett}, P. and {Elitzur}, M.},
    title = "{The Effect of 53 {$\mu$}m IR Radiation on 18 cm OH Megamaser Emission}",
  journal = {Astrophys. J.},
archivePrefix = "arXiv",
   eprint = {0801.2937},
 keywords = {galaxies: starburst, masers, radiative transfer, radio lines: galaxies},
     year = 2008,
    month = apr,
   volume = 677,
      eid = {985-992},
    pages = {985-992},
      doi = {10.1086/533429},
   adsurl = {http://adsabs.harvard.edu/abs/2008ApJ...677..985L},
  adsnote = {Provided by the SAO/NASA Astrophysics Data System}
}

@INPROCEEDINGS{Baan2001,
   author = {{Baan}, W.~A. and {Kl{\"o}ckner}, H.-R.},
    title = "{Properties of OH Megamasers and Ultra-Luminous Infrared Galaxies}",
booktitle = {The Central Kiloparsec of Starbursts and AGN: The La Palma Connection},
     year = 2001,
   series = {Astronomical Society of the Pacific Conference Series},
   volume = 249,
   editor = {{Knapen}, J.~H. and {Beckman}, J.~E. and {Shlosman}, I. and 
	{Mahoney}, T.~J.},
    pages = {639},
   adsurl = {http://adsabs.harvard.edu/abs/2001ASPC..249..639B},
  adsnote = {Provided by the SAO/NASA Astrophysics Data System}
}

@ARTICLE{Lo2005,
   author = {{Lo}, K.~Y.},
    title = "{Mega-Masers and Galaxies}",
  journal = {\araa},
     year = 2005,
    month = sep,
   volume = 43,
    pages = {625-676},
      doi = {10.1146/annurev.astro.41.011802.094927},
   adsurl = {http://adsabs.harvard.edu/abs/2005ARA%26A..43..625L},
  adsnote = {Provided by the SAO/NASA Astrophysics Data System}
}

@ARTICLE{Chatterjee2017,
   author = {{Chatterjee}, S. and {Law}, C.~J. and {Wharton}, R.~S. and {Burke-Spolaor}, S. and 
	{Hessels}, J.~W.~T. and {Bower}, G.~C. and {Cordes}, J.~M. and 
	{Tendulkar}, S.~P. and {Bassa}, C.~G. and {Demorest}, P. and 
	{Butler}, B.~J. and {Seymour}, A. and {Scholz}, P. and {Abruzzo}, M.~W. and 
	{Bogdanov}, S. and {Kaspi}, V.~M. and {Keimpema}, A. and {Lazio}, T.~J.~W. and 
	{Marcote}, B. and {McLaughlin}, M.~A. and {Paragi}, Z. and {Ransom}, S.~M. and 
	{Rupen}, M. and {Spitler}, L.~G. and {van Langevelde}, H.~J.
	},
    title = "{A direct localization of a fast radio burst and its host}",
  journal = {Nature},
archivePrefix = "arXiv",
   eprint = {1701.01098},
 primaryClass = "astro-ph.HE",
     year = 2017,
    month = jan,
   volume = 541,
    pages = {58-61},
      doi = {10.1038/nature20797},
   adsurl = {http://adsabs.harvard.edu/abs/2017Natur.541...58C},
  adsnote = {Provided by the SAO/NASA Astrophysics Data System}
}

@ARTICLE{Darling2002,
   author = {{Darling}, J. and {Giovanelli}, R.},
    title = "{A Search for OH Megamasers at z$\gt$0.1. III. The Complete Survey}",
  journal = {\aj},
   eprint = {astro-ph/0205185},
 keywords = {Galaxies: Evolution, Galaxies: Interactions, Galaxies: Star Clusters, Infrared Radiation- Radio Emission Lines},
     year = 2002,
    month = jul,
   volume = 124,
    pages = {100-126},
      doi = {10.1086/341166},
   adsurl = {http://adsabs.harvard.edu/abs/2002AJ....124..100D},
  adsnote = {Provided by the SAO/NASA Astrophysics Data System}
}

@ARTICLE{Kylafis1998,
   author = {{Kylafis}, N.~D. and {Pavlakis}, K.~G.},
    title = "{OH Megamaser Pumping Models}",
  journal = {Highlights of Astronomy},
     year = 1998,
   volume = 11,
    pages = {946},
   adsurl = {http://adsabs.harvard.edu/abs/1998HiA....11..946K},
  adsnote = {Provided by the SAO/NASA Astrophysics Data System}
}

@ARTICLE{Law2017,
   author = {{Law}, C.~J. and {Abruzzo}, M.~W. and {Bassa}, C.~G. and {Bower}, G.~C. and 
	{Burke-Spolaor}, S. and {Butler}, B.~J. and {Cantwell}, T. and 
	{Carey}, S.~H. and {Chatterjee}, S. and {Cordes}, J.~M. and 
	{Demorest}, P. and {Dowell}, J. and {Fender}, R. and {Gourdji}, K. and 
	{Grainge}, K. and {Hessels}, J.~W.~T. and {Hickish}, J. and 
	{Kaspi}, V.~M. and {Lazio}, T.~J.~W. and {McLaughlin}, M.~A. and 
	{Michilli}, D. and {Mooley}, K. and {Perrott}, Y.~C. and {Ransom}, S.~M. and 
	{Razavi-Ghods}, N. and {Rupen}, M. and {Scaife}, A. and {Scott}, P. and 
	{Scholz}, P. and {Seymour}, A. and {Spitler}, L.~G. and {Stovall}, K. and 
	{Tendulkar}, S.~P. and {Titterington}, D. and {Wharton}, R.~S. and 
	{Williams}, P.~K.~G.},
    title = "{A Multi-telescope Campaign on FRB 121102: Implications for the FRB Population}",
  journal = {Astrophys. J.},
archivePrefix = "arXiv",
   eprint = {1705.07553},
 primaryClass = "astro-ph.HE",
 keywords = {radio continuum: stars, stars: neutron, supernovae: general, techniques: interferometric },
     year = 2017,
    month = nov,
   volume = 850,
      eid = {76},
    pages = {76},
      doi = {10.3847/1538-4357/aa9700},
   adsurl = {http://adsabs.harvard.edu/abs/2017ApJ...850...76L},
  adsnote = {Provided by the SAO/NASA Astrophysics Data System}
}


@ARTICLE{Michilli2018,
   author = {{Michilli}, D. and {Seymour}, A. and {Hessels}, J.~W.~T. and 
	{Spitler}, L.~G. and {Gajjar}, V. and {Archibald}, A.~M. and 
	{Bower}, G.~C. and {Chatterjee}, S. and {Cordes}, J.~M. and 
	{Gourdji}, K. and {Heald}, G.~H. and {Kaspi}, V.~M. and {Law}, C.~J. and 
	{Sobey}, C. and {Adams}, E.~A.~K. and {Bassa}, C.~G. and {Bogdanov}, S. and 
	{Brinkman}, C. and {Demorest}, P. and {Fernandez}, F. and {Hellbourg}, G. and 
	{Lazio}, T.~J.~W. and {Lynch}, R.~S. and {Maddox}, N. and {Marcote}, B. and 
	{McLaughlin}, M.~A. and {Paragi}, Z. and {Ransom}, S.~M. and 
	{Scholz}, P. and {Siemion}, A.~P.~V. and {Tendulkar}, S.~P. and 
	{van Rooy}, P. and {Wharton}, R.~S. and {Whitlow}, D.},
    title = "{An extreme magneto-ionic environment associated with the fast radio burst source FRB 121102}",
  journal = {Nature},
archivePrefix = "arXiv",
   eprint = {1801.03965},
 primaryClass = "astro-ph.HE",
     year = 2018,
    month = jan,
   volume = 553,
    pages = {182-185},
      doi = {10.1038/nature25149},
   adsurl = {http://adsabs.harvard.edu/abs/2018Natur.553..182M},
  adsnote = {Provided by the SAO/NASA Astrophysics Data System}
}

@ARTICLE{Gajjar2018,
       author = {{Gajjar}, V. and {Siemion}, A.~P.~V. and {Price}, D.~C. and
         {Law}, C.~J. and {Michilli}, D. and {Hessels}, J.~W.~T. and
         {Chatterjee}, S. and {Archibald}, A.~M. and {Bower}, G.~C. and
         {Brinkman}, C. and {Burke-Spolaor}, S. and {Cordes}, J.~M. and
         {Croft}, S. and {Enriquez}, J. Emilio and {Foster}, G. and
         {Gizani}, N. and {Hellbourg}, G. and {Isaacson}, H. and {Kaspi}, V.~M. and
         {Lazio}, T.~J.~W. and {Lebofsky}, M. and {Lynch}, R.~S. and
         {MacMahon}, D. and {McLaughlin}, M.~A. and {Ransom}, S.~M. and
         {Scholz}, P. and {Seymour}, A. and {Spitler}, L.~G. and
         {Tendulkar}, S.~P. and {Werthimer}, D. and {Zhang}, Y.~G.},
        title = "{Highest Frequency Detection of FRB 121102 at 4-8 GHz Using the Breakthrough Listen Digital Backend at the Green Bank Telescope}",
      journal = {Astrophys. J.},
     keywords = {radio continuum: stars, stars: neutron, supernovae: general, Astrophysics - High Energy Astrophysical Phenomena},
         year = 2018,
        month = aug,
       volume = {863},
       number = {1},
          eid = {2},
        pages = {2},
          doi = {10.3847/1538-4357/aad005},
archivePrefix = {arXiv},
       eprint = {1804.04101},
 primaryClass = {astro-ph.HE},
       adsurl = {https://ui.adsabs.harvard.edu/abs/2018ApJ...863....2G},
      adsnote = {Provided by the SAO/NASA Astrophysics Data System}
}

@ARTICLE{Weisberg2005,
   author = {{Weisberg}, J.~M. and {Johnston}, S. and {Koribalski}, B. and 
	{Stanimirovi{\'c}}, S.},
    title = "{Discovery of Pulsed OH Maser Emission Stimulated by a Pulsar}",
  journal = {Science},
   eprint = {astro-ph/0505231},
     year = 2005,
    month = jun,
   volume = 309,
    pages = {106-110},
      doi = {10.1126/science.1112494},
   adsurl = {http://adsabs.harvard.edu/abs/2005Sci...309..106W},
  adsnote = {Provided by the SAO/NASA Astrophysics Data System}
}

@ARTICLE{Marcote2017,
   author = {{Marcote}, B. and {Paragi}, Z. and {Hessels}, J.~W.~T. and {Keimpema}, A. and 
	{van Langevelde}, H.~J. and {Huang}, Y. and {Bassa}, C.~G. and 
	{Bogdanov}, S. and {Bower}, G.~C. and {Burke-Spolaor}, S. and 
	{Butler}, B.~J. and {Campbell}, R.~M. and {Chatterjee}, S. and 
	{Cordes}, J.~M. and {Demorest}, P. and {Garrett}, M.~A. and 
	{Ghosh}, T. and {Kaspi}, V.~M. and {Law}, C.~J. and {Lazio}, T.~J.~W. and 
	{McLaughlin}, M.~A. and {Ransom}, S.~M. and {Salter}, C.~J. and 
	{Scholz}, P. and {Seymour}, A. and {Siemion}, A. and {Spitler}, L.~G. and 
	{Tendulkar}, S.~P. and {Wharton}, R.~S.},
    title = "{The Repeating Fast Radio Burst FRB 121102 as Seen on Milliarcsecond Angular Scales}",
  journal = {Astrophys. J.},
archivePrefix = "arXiv",
   eprint = {1701.01099},
 primaryClass = "astro-ph.HE",
 keywords = {radiation mechanisms: non-thermal, radio continuum: galaxies, techniques: high angular resolution},
     year = 2017,
    month = jan,
   volume = 834,
      eid = {L8},
    pages = {L8},
      doi = {10.3847/2041-8213/834/2/L8},
   adsurl = {http://adsabs.harvard.edu/abs/2017ApJ...834L...8M},
  adsnote = {Provided by the SAO/NASA Astrophysics Data System}
}

@ARTICLE{Cordes2004,
   author = {{Cordes}, J.~M. and {Lazio}, T.~J.~W. and {McLaughlin}, M.~A.
	},
    title = "{The dynamic radio sky}",
  journal = {\nar},
   eprint = {astro-ph/0410045},
     year = 2004,
    month = dec,
   volume = 48,
    pages = {1459-1472},
      doi = {10.1016/j.newar.2004.09.038},
   adsurl = {http://adsabs.harvard.edu/abs/2004NewAR..48.1459C},
  adsnote = {Provided by the SAO/NASA Astrophysics Data System}
}

@ARTICLE{Macquart2015,
   author = {{Macquart}, J.~P. and {Keane}, E. and {Grainge}, K. and {McQuinn}, M. and 
	{Fender}, R. and {Hessels}, J. and {Deller}, A. and {Bhat}, R. and 
	{Breton}, R. and {Chatterjee}, S. and {Law}, C. and {Lorimer}, D. and 
	{Ofek}, E.~O. and {Pietka}, M. and {Spitler}, L. and {Stappers}, B. and 
	{Trott}, C.},
    title = "{Fast Transients at Cosmological Distances with the SKA}",
  journal = {Advancing Astrophysics with the Square Kilometre Array (AASKA14)},
archivePrefix = "arXiv",
   eprint = {1501.07535},
 primaryClass = "astro-ph.HE",
     year = 2015,
    month = apr,
      eid = {55},
    pages = {55},
   adsurl = {http://adsabs.harvard.edu/abs/2015aska.confE..55M},
  adsnote = {Provided by the SAO/NASA Astrophysics Data System}
}

@ARTICLE{Manchester2005,
   author = {{Manchester}, R.~N. and {Hobbs}, G.~B. and {Teoh}, A. and {Hobbs}, M.
	},
    title = "{The Australia Telescope National Facility Pulsar Catalogue}",
  journal = {\aj},
   eprint = {astro-ph/0412641},
 keywords = {Catalogs, Stars: Pulsars: General},
     year = 2005,
    month = apr,
   volume = 129,
    pages = {1993-2006},
      doi = {10.1086/428488},
   adsurl = {http://adsabs.harvard.edu/abs/2005AJ....129.1993M},
  adsnote = {Provided by the SAO/NASA Astrophysics Data System}
}

@ARTICLE{OBrien2008,
   author = {{O'Brien}, J.~T. and {Johnston}, S. and {Kramer}, M. and {Lyne}, A.~G. and 
	{Bailes}, M. and {Possenti}, A. and {Burgay}, M. and {Lorimer}, D.~R. and 
	{McLaughlin}, M.~A. and {Hobbs}, G. and {Parent}, D. and {Guillemot}, L.
	},
    title = "{PSR J1410-6132: a young, energetic pulsar associated with the EGRET source 3EG J1410-6147}",
  journal = {Mon. Not. R. Astron. },
archivePrefix = "arXiv",
   eprint = {0806.0431},
 keywords = {methods: observational, pulsars: general, pulsars: individual: J1410-6132},
     year = 2008,
    month = jul,
   volume = 388,
    pages = {L1-L5},
      doi = {10.1111/j.1745-3933.2008.00481.x},
   adsurl = {http://adsabs.harvard.edu/abs/2008MNRAS.388L...1O},
  adsnote = {Provided by the SAO/NASA Astrophysics Data System}
}

@ARTICLE{Johnston2003,
   author = {{Johnston}, S. and {Romani}, R.~W.},
    title = "{Giant Pulses from PSR B0540-69 in the Large Magellanic Cloud}",
  journal = {Astrophys. J.},
   eprint = {astro-ph/0305235},
 keywords = {Stars: Individual: Alphanumeric: PSR B0540-69, Stars: Neutron},
     year = 2003,
    month = jun,
   volume = 590,
    pages = {L95-L98},
      doi = {10.1086/376826},
   adsurl = {http://adsabs.harvard.edu/abs/2003ApJ...590L..95J},
  adsnote = {Provided by the SAO/NASA Astrophysics Data System}
}

@ARTICLE{Knight2006,
   author = {{Knight}, H.~S.},
    title = "{Observational Characteristics of Giant Pulses and Related Phenomena}",
  journal = {Chinese Journal of Astronomy and Astrophysics Supplement},
 keywords = {pulsars: general, pulsars: individual (PSR B1937+21, PSR B1821-24, PSR J1823-3021A, PSR B1957+20, PSR J0218+4232, Crab pulsar, PSR B0540-69, PSR J0437-4715, PSR B1112+50, PSR B0031-07, PSR J1752+2359, PSR B0950+08, Vela pulsar, PSR B1706-44)},
     year = 2006,
    month = dec,
   volume = 6,
   number = 2,
    pages = {41-47},
   adsurl = {http://adsabs.harvard.edu/abs/2006ChJAS...6b..41K},
  adsnote = {Provided by the SAO/NASA Astrophysics Data System}
}

@ARTICLE{Hankins2003,
   author = {{Hankins}, T.~H. and {Kern}, J.~S. and {Weatherall}, J.~C. and 
	{Eilek}, J.~A.},
    title = "{Nanosecond radio bursts from strong plasma turbulence in the Crab pulsar}",
  journal = {Nature},
     year = 2003,
    month = mar,
   volume = 422,
    pages = {141-143},
      doi = {10.1038/nature01477},
   adsurl = {http://adsabs.harvard.edu/abs/2003Natur.422..141H},
  adsnote = {Provided by the SAO/NASA Astrophysics Data System}
}

@ARTICLE{Fialkov2017a,
   author = {{Fialkov}, A. and {Loeb}, A.},
    title = "{A Fast Radio Burst Occurs Every Second throughout the Observable Universe}",
  journal = {Astrophys. J.},
archivePrefix = "arXiv",
   eprint = {1706.06582},
 primaryClass = "astro-ph.HE",
 keywords = {cosmology: theory},
     year = 2017,
    month = sep,
   volume = 846,
      eid = {L27},
    pages = {L27},
      doi = {10.3847/2041-8213/aa8905},
   adsurl = {http://adsabs.harvard.edu/abs/2017ApJ...846L..27F},
  adsnote = {Provided by the SAO/NASA Astrophysics Data System}
}

@ARTICLE{Fialkov2017b,
   author = {{Fialkov}, A. and {Loeb}, A. and {Lorimer}, D.~R.},
    title = "{Enhanced Rates of Fast Radio Bursts from Galaxy Clusters}",
  journal = {ArXiv e-prints},
archivePrefix = "arXiv",
   eprint = {1711.04396},
 keywords = {Astrophysics - Astrophysics of Galaxies, Astrophysics - Cosmology and Nongalactic Astrophysics},
     year = 2017,
    month = nov,
   adsurl = {http://adsabs.harvard.edu/abs/2017arXiv171104396F},
  adsnote = {Provided by the SAO/NASA Astrophysics Data System}
}

@ARTICLE{Rosa2018,
   author = {{Rosa}, J.~G. and {Kephart}, T.~W.},
    title = "{Stimulated Axion Decay in Superradiant Clouds around Primordial Black Holes}",
  journal = {Physical Review Letters},
archivePrefix = "arXiv",
   eprint = {1709.06581},
 primaryClass = "gr-qc",
     year = 2018,
    month = jun,
   volume = 120,
   number = 23,
      eid = {231102},
    pages = {231102},
      doi = {10.1103/PhysRevLett.120.231102},
   adsurl = {http://adsabs.harvard.edu/abs/2018PhRvL.120w1102R},
  adsnote = {Provided by the SAO/NASA Astrophysics Data System}
}

@PROCEEDINGS{Brito2015,
    title = "{Superradiance}",
 keywords = {Physics},
booktitle = {Lecture Notes in Physics, Berlin Springer Verlag},
     year = 2015,
   series = {Lecture Notes in Physics, Berlin Springer Verlag},
   volume = 906,
archivePrefix = "arXiv",
   eprint = {1501.06570},
 primaryClass = "gr-qc",
   editor = {{Brito}, R. and {Cardoso}, V. and {Pani}, P.},
   adsurl = {http://adsabs.harvard.edu/abs/2015LNP...906.....B},
  adsnote = {Provided by the SAO/NASA Astrophysics Data System}
}

@ARTICLE{Reid2009,
   author = {{Reid}, M.~J. and {Braatz}, J.~A. and {Condon}, J.~J. and {Greenhill}, L.~J. and 
	{Henkel}, C. and {Lo}, K.~Y.},
    title = "{The Megamaser Cosmology Project. I. Very Long Baseline Interferometric Observations of UGC 3789}",
  journal = {Astrophys. J.},
archivePrefix = "arXiv",
   eprint = {0811.4345},
 keywords = {accretion, accretion disks, cosmology: observations, distance scale, galaxies: distances and redshifts, galaxies: individual: UGC 3789, masers},
     year = 2009,
    month = apr,
   volume = 695,
    pages = {287-291},
      doi = {10.1088/0004-637X/695/1/287},
   adsurl = {http://adsabs.harvard.edu/abs/2009ApJ...695..287R},
  adsnote = {Provided by the SAO/NASA Astrophysics Data System}
}

@ARTICLE{Conlon2018,
   author = {{Conlon}, J.~P. and {Herdeiro}, C.~A.~R.},
    title = "{Can black hole superradiance be induced by galactic plasmas?}",
  journal = {Physics Letters B},
archivePrefix = "arXiv",
   eprint = {1701.02034},
 primaryClass = "astro-ph.HE",
     year = 2018,
    month = may,
   volume = 780,
    pages = {169-173},
      doi = {10.1016/j.physletb.2018.02.073},
   adsurl = {http://adsabs.harvard.edu/abs/2018PhLB..780..169C},
  adsnote = {Provided by the SAO/NASA Astrophysics Data System}
}

@ARTICLE{Hessels2019,
       author = {{Hessels}, J.~W.~T. and {Spitler}, L.~G. and {Seymour}, A.~D. and
         {Cordes}, J.~M. and {Michilli}, D. and {Lynch}, R.~S. and
         {Gourdji}, K. and {Archibald}, A.~M. and {Bassa}, C.~G. and
         {Bower}, G.~C. and {Chatterjee}, S. and {Connor}, L. and
         {Crawford}, F. and {Deneva}, J.~S. and {Gajjar}, V. and {Kaspi}, V.~M. and
         {Keimpema}, A. and {Law}, C.~J. and {Marcote}, B. and
         {McLaughlin}, M.~A. and {Paragi}, Z. and {Petroff}, E. and
         {Ransom}, S.~M. and {Scholz}, P. and {Stappers}, B.~W. and
         {Tendulkar}, S.~P.},
        title = "{FRB 121102 Bursts Show Complex Time-Frequency Structure}",
      journal = {Astrophys. J.},
     keywords = {galaxies: dwarf, radiation mechanisms: non-thermal, radio continuum: general, Astrophysics - High Energy Astrophysical Phenomena},
         year = 2019,
        month = may,
       volume = {876},
       number = {2},
          eid = {L23},
        pages = {L23},
          doi = {10.3847/2041-8213/ab13ae},
archivePrefix = {arXiv},
       eprint = {1811.10748},
 primaryClass = {astro-ph.HE},
       adsurl = {https://ui.adsabs.harvard.edu/abs/2019ApJ...876L..23H},
      adsnote = {Provided by the SAO/NASA Astrophysics Data System}
}

@ARTICLE{CHIME2019c,
       author = {{Josephy}, A. and {Chawla}, P. and {Fonseca}, E. and {Ng}, C. and
         {Patel}, C. and {Pleunis}, Z. and {Scholz}, P. and {Andersen}, B.~C. and
         {Bandura}, K. and {Bhardwaj}, M. and {Boyce}, M.~M. and {Boyle}, P.~J. and
         {Brar}, C. and {Cubranic}, D. and {Dobbs}, M. and {Gaensler}, B.~M. and
         {Gill}, A. and {Giri}, U. and {Good}, D.~C. and {Halpern}, M. and
         {Hinshaw}, G. and {Kaspi}, V.~M. and {Landecker}, T.~L. and
         {Lang}, D.~A. and {Lin}, H. -H. and {Masui}, K.~W. and {Mckinven}, R. and
         {Mena-Parra}, J. and {Merryfield}, M. and {Michilli}, D. and
         {Milutinovic}, N. and {Naidu}, A. and {Pen}, U. and {Rafiei-Ravand
        i}, M. and {Rahman}, M. and {Ransom}, S.~M. and {Renard}, A. and
         {Siegel}, S.~R. and {Smith}, K.~M. and {Stairs}, I.~H. and
         {Tendulkar}, S.~P. and {Vanderlinde}, K. and {Yadav}, P. and
         {Zwaniga}, A.~V.},
        title = "{CHIME/FRB Detection of the Original Repeating Fast Radio Burst Source FRB 121102}",
      journal = {Astrophys. J.},
     keywords = {Radio bursts, Radio transient sources, Astrophysics - High Energy Astrophysical Phenomena, Astrophysics - Instrumentation and Methods for Astrophysics},
         year = 2019,
        month = sep,
       volume = {882},
       number = {2},
          eid = {L18},
        pages = {L18},
          doi = {10.3847/2041-8213/ab2c00},
archivePrefix = {arXiv},
       eprint = {1906.11305},
 primaryClass = {astro-ph.HE},
       adsurl = {https://ui.adsabs.harvard.edu/abs/2019ApJ...882L..18J},
      adsnote = {Provided by the SAO/NASA Astrophysics Data System}
}

@ARTICLE{Scholz2020,
       author = {{Scholz}, Paul and {CHIME/FRB Collaboration}},
        title = "{A bright millisecond-timescale radio burst from the direction of the Galactic magnetar SGR 1935+2154}",
      journal = {The Astronomer's Telegram},
     keywords = {Soft Gamma-ray Repeater, Magnetar},
         year = 2020,
        month = apr,
       volume = {13681},
        pages = {1},
       adsurl = {https://ui.adsabs.harvard.edu/abs/2020ATel13681....1S},
      adsnote = {Provided by the SAO/NASA Astrophysics Data System}
}

@ARTICLE{Borghese2020,
       author = {{Borghese}, A. and {Rea}, N. and {Coti Zelati}, F. and {Israel}, G.~L. and
         {Esposito}, P. and {et al.}},
        title = "{X-ray monitoring of the active magnetar SGR 1935+2154}",
      journal = {The Astronomer's Telegram},
     keywords = {Soft Gamma-ray Repeater, Transient, Magnetar},
         year = 2020,
        month = may,
       volume = {13720},
        pages = {1},
       adsurl = {https://ui.adsabs.harvard.edu/abs/2020ATel13720....1B},
      adsnote = {Provided by the SAO/NASA Astrophysics Data System}
}

@ARTICLE{Marcote2020,
       author = {{Marcote}, B. and {Nimmo}, K. and {Hessels}, J.~W.~T. and
         {Tendulkar}, S.~P. and {Bassa}, C.~G. and {Paragi}, Z. and
         {Keimpema}, A. and {Bhardwaj}, M. and {Karuppusamy}, R. and
         {Kaspi}, V.~M. and {Law}, C.~J. and {Michilli}, D. and {Aggarwal}, K. and
         {Andersen}, B. and {Archibald}, A.~M. and {Bandura}, K. and
         {Bower}, G.~C. and {Boyle}, P.~J. and {Brar}, C. and
         {Burke-Spolaor}, S. and {Butler}, B.~J. and {Cassanelli}, T. and
         {Chawla}, P. and {Demorest}, P. and {Dobbs}, M. and {Fonseca}, E. and
         {Giri}, U. and {Good}, D.~C. and {Gourdji}, K. and {Josephy}, A. and
         {Kirichenko}, A. Yu. and {Kirsten}, F. and {Landecker}, T.~L. and
         {Lang}, D. and {Lazio}, T.~J.~W. and {Li}, D.~Z. and {Lin}, H. -H. and
         {Linford}, J.~D. and {Masui}, K. and {Mena-Parra}, J. and {Naidu}, A. and
         {Ng}, C. and {Patel}, C. and {Pen}, U. -L. and {Pleunis}, Z. and
         {Rafiei-Ravandi}, M. and {Rahman}, M. and {Renard}, A. and
         {Scholz}, P. and {Siegel}, S.~R. and {Smith}, K.~M. and
         {Stairs}, I.~H. and {Vanderlinde}, K. and {Zwaniga}, A.~V.},
        title = "{A repeating fast radio burst source localized to a nearby spiral galaxy}",
      journal = {Nature},
     keywords = {Astrophysics - High Energy Astrophysical Phenomena, Astrophysics - Instrumentation and Methods for Astrophysics},
         year = 2020,
        month = jan,
       volume = {577},
       number = {7789},
        pages = {190-194},
          doi = {10.1038/s41586-019-1866-z},
archivePrefix = {arXiv},
       eprint = {2001.02222},
 primaryClass = {astro-ph.HE},
       adsurl = {https://ui.adsabs.harvard.edu/abs/2020Natur.577..190M},
      adsnote = {Provided by the SAO/NASA Astrophysics Data System}
}

@ARTICLE{Bassa2017,
       author = {{Bassa}, C.~G. and {Tendulkar}, S.~P. and {Adams}, E.~A.~K. and
         {Maddox}, N. and {Bogdanov}, S. and {Bower}, G.~C. and
         {Burke-Spolaor}, S. and {Butler}, B.~J. and {Chatterjee}, S. and
         {Cordes}, J.~M. and {Hessels}, J.~W.~T. and {Kaspi}, V.~M. and
         {Law}, C.~J. and {Marcote}, B. and {Paragi}, Z. and {Ransom}, S.~M. and
         {Scholz}, P. and {Spitler}, L.~G. and {van Langevelde}, H.~J.},
        title = "{FRB 121102 Is Coincident with a Star-forming Region in Its Host Galaxy}",
      journal = {Astrophys. J.},
     keywords = {galaxies: dwarf, galaxies: star formation, gamma-ray burst: general, supernovae: general, Astrophysics - High Energy Astrophysical Phenomena},
         year = 2017,
        month = jul,
       volume = {843},
       number = {1},
          eid = {L8},
        pages = {L8},
          doi = {10.3847/2041-8213/aa7a0c},
archivePrefix = {arXiv},
       eprint = {1705.07698},
 primaryClass = {astro-ph.HE},
       adsurl = {https://ui.adsabs.harvard.edu/abs/2017ApJ...843L...8B},
      adsnote = {Provided by the SAO/NASA Astrophysics Data System}
}

@ARTICLE{Ravi2019,
       author = {{Ravi}, V. and {Catha}, M. and {D'Addario}, L. and {Djorgovski}, S.~G. and
         {Hallinan}, G. and {Hobbs}, R. and {Kocz}, J. and {Kulkarni}, S.~R. and
         {Shi}, J. and {Vedantham}, H.~K. and {Weinreb}, S. and {Woody}, D.~P.},
        title = "{A fast radio burst localized to a massive galaxy}",
      journal = {Nature},
     keywords = {Astrophysics - High Energy Astrophysical Phenomena, Astrophysics - Instrumentation and Methods for Astrophysics},
         year = 2019,
        month = aug,
       volume = {572},
       number = {7769},
        pages = {352-354},
          doi = {10.1038/s41586-019-1389-7},
archivePrefix = {arXiv},
       eprint = {1907.01542},
 primaryClass = {astro-ph.HE},
       adsurl = {https://ui.adsabs.harvard.edu/abs/2019Natur.572..352R},
      adsnote = {Provided by the SAO/NASA Astrophysics Data System}
}

@ARTICLE{Camilo2007,
       author = {{Camilo}, F. and {Ransom}, S.~M. and {Halpern}, J.~P. and {Reynolds}, J.},
        title = "{1E 1547.0-5408: A Radio-emitting Magnetar with a Rotation Period of 2 Seconds}",
      journal = {Astrophys. J.},
     keywords = {ISM: individual (G327.24-0.13), pulsars: individual (1E 1547.0-5408), pulsars: individual (PSR J1550-5418), pulsars: individual (XTE J1810-197), Stars: Neutron, Astrophysics},
         year = 2007,
        month = sep,
       volume = {666},
       number = {2},
        pages = {L93-L96},
          doi = {10.1086/521826},
archivePrefix = {arXiv},
       eprint = {0708.0002},
 primaryClass = {astro-ph},
       adsurl = {https://ui.adsabs.harvard.edu/abs/2007ApJ...666L..93C},
      adsnote = {Provided by the SAO/NASA Astrophysics Data System}
}

@ARTICLE{Camilo2006,
       author = {{Camilo}, Fernando and {Ransom}, Scott M. and {Halpern}, Jules P. and
         {Reynolds}, John and {Helfand}, David J. and {Zimmerman}, Neil and
         {Sarkissian}, John},
        title = "{Transient pulsed radio emission from a magnetar}",
      journal = {Nature},
     keywords = {Astrophysics},
         year = 2006,
        month = aug,
       volume = {442},
       number = {7105},
        pages = {892-895},
          doi = {10.1038/nature04986},
archivePrefix = {arXiv},
       eprint = {astro-ph/0605429},
 primaryClass = {astro-ph},
       adsurl = {https://ui.adsabs.harvard.edu/abs/2006Natur.442..892C},
      adsnote = {Provided by the SAO/NASA Astrophysics Data System}
}

@ARTICLE{Kothes2018,
       author = {{Kothes}, R. and {Sun}, X. and {Gaensler}, B. and {Reich}, W.},
        title = "{A Radio Continuum and Polarization Study of SNR G57.2+0.8 Associated with Magnetar SGR 1935+2154}",
      journal = {Astrophys. J.},
     keywords = {ISM: individual objects: G57.2+0.8, SGR1935+2154, ISM: magnetic fields, ISM: supernova remnants, stars: magnetars, Astrophysics - High Energy Astrophysical Phenomena},
         year = 2018,
        month = jan,
       volume = {852},
       number = {1},
          eid = {54},
        pages = {54},
          doi = {10.3847/1538-4357/aa9e89},
archivePrefix = {arXiv},
       eprint = {1711.11146},
 primaryClass = {astro-ph.HE},
       adsurl = {https://ui.adsabs.harvard.edu/abs/2018ApJ...852...54K},
      adsnote = {Provided by the SAO/NASA Astrophysics Data System}
}

@ARTICLE{Younes2017,
       author = {{Younes}, George and {Kouveliotou}, Chryssa and {Jaodand}, Amruta and
         {Baring}, Matthew G. and {van der Horst}, Alexander J. and
         {Harding}, Alice K. and {Hessels}, Jason W.~T. and {Gehrels}, Neil and
         {Gill}, Ramandeep and {Huppenkothen}, Daniela and {Granot}, Jonathan and
         {G{\"o}{\u{g}}{\"u}{\textcommabelow s}}, Ersin and {Lin}, Lin},
        title = "{X-Ray and Radio Observations of the Magnetar SGR J1935+2154 during Its 2014, 2015, and 2016 Outbursts}",
      journal = {Astrophys. J.},
     keywords = {radio continuum: stars, stars: individual: SGR J1935+2154, stars: magnetars, stars: neutron, X-rays: stars, Astrophysics - High Energy Astrophysical Phenomena},
         year = 2017,
        month = oct,
       volume = {847},
       number = {2},
          eid = {85},
        pages = {85},
          doi = {10.3847/1538-4357/aa899a},
archivePrefix = {arXiv},
       eprint = {1702.04370},
 primaryClass = {astro-ph.HE},
       adsurl = {https://ui.adsabs.harvard.edu/abs/2017ApJ...847...85Y},
      adsnote = {Provided by the SAO/NASA Astrophysics Data System}
}

@ARTICLE{Gavriil2008,
       author = {{Gavriil}, F.~P. and {Gonzalez}, M.~E. and {Gotthelf}, E.~V. and
         {Kaspi}, V.~M. and {Livingstone}, M.~A. and {Woods}, P.~M.},
        title = "{Magnetar-Like Emission from the Young Pulsar in Kes 75}",
      journal = {Science},
     keywords = {ASTRONOMY, Astrophysics},
         year = 2008,
        month = mar,
       volume = {319},
       number = {5871},
        pages = {1802},
          doi = {10.1126/science.1153465},
archivePrefix = {arXiv},
       eprint = {0802.1704},
 primaryClass = {astro-ph},
       adsurl = {https://ui.adsabs.harvard.edu/abs/2008Sci...319.1802G},
      adsnote = {Provided by the SAO/NASA Astrophysics Data System}
}

@ARTICLE{Rajabi2020,
       author = {{Rajabi}, Fereshteh and {Houde}, Martin},
        title = "{Astronomical masers and Dicke's superradiance}",
      journal = {Mon. Not. R. Astron. },
     keywords = {molecular processes, radiation mechanisms: general, ISM: molecules, Astrophysics - Astrophysics of Galaxies, Physics - Optics},
         year = 2020,
        month = apr,
       volume = {494},
       number = {4},
        pages = {5194-5206},
          doi = {10.1093/mnras/staa1067},
archivePrefix = {arXiv},
       eprint = {2004.07327},
 primaryClass = {astro-ph.GA},
       adsurl = {https://ui.adsabs.harvard.edu/abs/2020MNRAS.494.5194R},
      adsnote = {Provided by the SAO/NASA Astrophysics Data System}
}

@ARTICLE{CHIME2020b,
       author = {{The CHIME/FRB Collaboration} and {:} and {Andersen}, B.~C. and {Band
        ura}, K.~M. and {Bhardwaj}, M. and {Bij}, A. and {Boyce}, M.~M. and
         {Boyle}, P.~J. and {Brar}, C. and {Cassanelli}, T. and {Chawla}, P. and
         {Chen}, T. and {Cliche}, J. -F. and {Cook}, A. and {Cubranic}, D. and
         {Curtin}, A.~P. and {Denman}, N.~T. and {Dobbs}, M. and {Dong}, F.~Q. and
         {Fandino}, M. and {Fonseca}, E. and {Gaensler}, B.~M. and {Giri}, U. and
         {Good}, D.~C. and {Halpern}, M. and {Hill}, A.~S. and {Hinshaw}, G.~F. and
         {H{\"o}fer}, C. and {Josephy}, A. and {Kania}, J.~W. and
         {Kaspi}, V.~M. and {Landecker}, T.~L. and {Leung}, C. and {Li}, D.~Z. and
         {Lin}, H. -H. and {Masui}, K.~W. and {Mckinven}, R. and
         {Mena-Parra}, J. and {Merryfield}, M. and {Meyers}, B.~W. and
         {Michilli}, D. and {Milutinovic}, N. and {Mirhosseini}, A. and
         {M{\"u}nchmeyer}, M. and {Naidu}, A. and {Newburgh}, L.~B. and
         {Ng}, C. and {Patel}, C. and {Pen}, U. -L. and
         {Pinsonneault-Marotte}, T. and {Pleunis}, Z. and {Quine}, B.~M. and
         {Rafiei-Ravandi}, M. and {Rahman}, M. and {Ransom}, S.~M. and
         {Renard}, A. and {Sanghavi}, P. and {Scholz}, P. and {Shaw}, J.~R. and
         {Shin}, K. and {Siegel}, S.~R. and {Singh}, S. and {Smegal}, R.~J. and
         {Smith}, K.~M. and {Stairs}, I.~H. and {Tan}, C.~M. and
         {Tendulkar}, S.~P. and {Tretyakov}, I. and {Vanderlinde}, K. and
         {Wang}, H. and {Wulf}, D. and {Zwaniga}, A.~V.},
        title = "{A bright millisecond-duration radio burst from a Galactic magnetar}",
      journal = {arXiv e-prints},
     keywords = {Astrophysics - High Energy Astrophysical Phenomena},
         year = 2020,
        month = may,
          eid = {arXiv:2005.10324},
        pages = {arXiv:2005.10324},
archivePrefix = {arXiv},
       eprint = {2005.10324},
 primaryClass = {astro-ph.HE},
       adsurl = {https://ui.adsabs.harvard.edu/abs/2020arXiv200510324T},
      adsnote = {Provided by the SAO/NASA Astrophysics Data System}
}

@ARTICLE{Day2020,
       author = {{Day}, Cherie K. and {Deller}, A.~T. and {Shannon}, R.~M. and
         {Qiu}, Hao and {Bannister}, Keith W. and {Bhandari}, S. and
         {Ekers}, Ron and {Flynn}, Chris and {James}, C.~W. and
         {Macquart}, J. -P. and {Mahony}, Elizabeth K. and
         {Prochaska}, J. Xavier},
        title = "{High time resolution and polarisation properties of ASKAP-localised fast radio bursts}",
      journal = {arXiv e-prints},
     keywords = {Astrophysics - High Energy Astrophysical Phenomena},
         year = 2020,
        month = may,
          eid = {arXiv:2005.13162},
        pages = {arXiv:2005.13162},
archivePrefix = {arXiv},
       eprint = {2005.13162},
 primaryClass = {astro-ph.HE},
       adsurl = {https://ui.adsabs.harvard.edu/abs/2020arXiv200513162D},
      adsnote = {Provided by the SAO/NASA Astrophysics Data System}
}

@ARTICLE{Mereghetti2020,
       author = {{Mereghetti}, S. and {Savchenko}, V. and {Ferrigno}, C. and
         {G{\"o}tz}, D. and {Rigoselli}, M. and {Tiengo}, A. and {Bazzano}, A. and
         {Bozzo}, E. and {Coleiro}, A. and {Courvoisier}, T.~J. -L. and
         {Doyle}, M. and {Goldwurm}, A. and {Hanlon}, L. and {Jourdain}, E. and
         {von Kienlin}, A. and {Lutovinov}, A. and {Martin-Carrillo}, A. and
         {Molkov}, S. and {Natalucci}, L. and {Onori}, F. and {Panessa}, F. and
         {Rodi}, J. and {Rodriguez}, J. and {S{\'a}nchez-Fern{\'a}ndez}, C. and
         {Sunyaev}, R. and {Ubertini}, P.},
        title = "{INTEGRAL Discovery of a Burst with Associated Radio Emission from the Magnetar SGR 1935+2154}",
      journal = {Astrophys. J.},
     keywords = {Magnetars, Soft gamma-ray repeaters, Interstellar scattering, Radio bursts, 992, 1471, 854, 1339, Astrophysics - High Energy Astrophysical Phenomena},
         year = 2020,
        month = aug,
       volume = {898},
       number = {2},
          eid = {L29},
        pages = {L29},
          doi = {10.3847/2041-8213/aba2cf},
archivePrefix = {arXiv},
       eprint = {2005.06335},
 primaryClass = {astro-ph.HE},
       adsurl = {https://ui.adsabs.harvard.edu/abs/2020ApJ...898L..29M},
      adsnote = {Provided by the SAO/NASA Astrophysics Data System}
}






















%%%%%%%%%%%%%%%%%%%%%%%%%%%%%%%%%%%%%%%%%%%%%%%%%%%%%%%

@misc{tth, note = "The package is TTH, available at
http://hutchinson.belmont.ma.us/tth/ ."}

@misc{use2e, note = "As the mark-up of the \TeX\ source for this
document makes clear, your file should be coded in \LaTeX
2${\varepsilon}$, not \LaTeX\ 2.09 or an earlier release.  Also,
please use the \texttt{article} document class."}

@misc{inclme, note="Among whom are the author of this document.  The
``real'' references and notes contained herein were compiled using
B{\small{IB}}\TeX\ from the sample .bib file \texttt{scibib.bib}, the style
package \texttt{scicite.sty}, and the bibliography style file
\texttt{Science.bst}."}


@misc{nattex, note="One of the equation editors we use, Equation Magic
(MicroPress Inc., Forest Hills, NY; http://www.micropress-inc.com/),
interprets native \TeX\ source code and generates an equation as an
OLE picture object that can then be cut and pasted directly into Word.
This editor, however, does not handle \LaTeX\ environments (such as
\texttt{\{array\}} or \texttt{\{eqnarray\}}); it can interpret only
\TeX\ codes.  Thus, when there's a choice, we ask that you avoid these
\LaTeX\ calls in displayed math --- for example, that you use the
\TeX\ \verb+\matrix+ command for ordinary matrices, rather than the
\LaTeX\ \texttt{\{array\}} environment."}








